<record><recordSchema>MARC21plus-xml</recordSchema><recordPacking>xml</recordPacking><recordData><collection xmlns="http://www.loc.gov/MARC21/slim">
  <record type="Bibliographic">
    <leader>00000nas a2200000 c 4500</leader>
    <controlfield tag="001">1020242345</controlfield>
    <controlfield tag="003">DE-101</controlfield>
    <controlfield tag="005">20221031153508.0</controlfield>
    <controlfield tag="007">tu</controlfield>
    <controlfield tag="008">120229c19929999gw f||p|  ||| 0||||1ger c</controlfield>
    <datafield ind1=" " ind2=" " tag="015">
      <subfield code="a">21,B19</subfield>
      <subfield code="2">dnb</subfield>
    </datafield>
    <datafield ind1="7" ind2=" " tag="016">
      <subfield code="2">DE-600</subfield>
      <subfield code="a">2653115-X</subfield>
    </datafield>
    <datafield ind1="7" ind2=" " tag="016">
      <subfield code="2">DE-101</subfield>
      <subfield code="a">1020242345</subfield>
    </datafield>
    <datafield ind1=" " ind2=" " tag="035">
      <subfield code="a">(DE-599)ZDB2653115-X</subfield>
    </datafield>
    <datafield ind1=" " ind2=" " tag="035">
      <subfield code="a">(OCoLC)1250352902</subfield>
    </datafield>
    <datafield ind1=" " ind2=" " tag="040">
      <subfield code="a">0061</subfield>
      <subfield code="b">ger</subfield>
      <subfield code="c">DE-101</subfield>
      <subfield code="d">9001</subfield>
    </datafield>
    <datafield ind1=" " ind2=" " tag="041">
      <subfield code="a">ger</subfield>
    </datafield>
    <datafield ind1=" " ind2=" " tag="042">
      <subfield code="a">zdb</subfield>
    </datafield>
    <datafield ind1=" " ind2=" " tag="044">
      <subfield code="c">XA-DE</subfield>
    </datafield>
    <datafield ind1="7" ind2="4" tag="082">
      <subfield code="8">2\p</subfield>
      <subfield code="a">914.3</subfield>
      <subfield code="q">DE-101</subfield>
      <subfield code="2">22sdnb</subfield>
    </datafield>
    <datafield ind1="7" ind2=" " tag="083">
      <subfield code="a">914.3</subfield>
      <subfield code="a">943</subfield>
      <subfield code="q">DE-600</subfield>
      <subfield code="2">22sdnb</subfield>
    </datafield>
    <datafield ind1=" " ind2=" " tag="084">
      <subfield code="a">Vohwinkel</subfield>
      <subfield code="0">https://nwbib.de/spatial#Q57726117</subfield>
      <subfield code="2">nwbib</subfield>
    </datafield>
    <datafield ind1=" " ind2=" " tag="084">
      <subfield code="a">Geschichte</subfield>
      <subfield code="0">https://nwbib.de/subjects#N240000</subfield>
      <subfield code="2">nwbib</subfield>
    </datafield>
    <datafield ind1=" " ind2=" " tag="084">
      <subfield code="a">Landesbeschreibungen</subfield>
      <subfield code="0">https://nwbib.de/subjects#N102000</subfield>
      <subfield code="2">nwbib</subfield>
    </datafield>
    <datafield ind1="2" ind2=" " tag="110">
      <subfield code="0">(DE-588)16326893-9</subfield>
      <subfield code="0">https://d-nb.info/gnd/16326893-9</subfield>
      <subfield code="0">(DE-101)1016391498</subfield>
      <subfield code="a">Bürgerverein Vohwinkel</subfield>
      <subfield code="e">Verfasser</subfield>
      <subfield code="4">aut</subfield>
      <subfield code="2">gnd</subfield>
    </datafield>
    <datafield ind1="1" ind2="0" tag="245">
      <subfield code="a">Bürger-Info / Bürgerverein Vohwinkel e.V.</subfield>
      <subfield code="b">aktiv im Westen Wuppertals</subfield>
    </datafield>
    <datafield ind1="3" ind2="1" tag="264">
      <subfield code="a">Wuppertal</subfield>
      <subfield code="b">Bürgerverein Vohwinkel e.V.</subfield>
      <subfield code="c">1992-</subfield>
    </datafield>
    <datafield ind1=" " ind2=" " tag="300">
      <subfield code="c">21 cm</subfield>
    </datafield>
    <datafield ind1=" " ind2=" " tag="336">
      <subfield code="a">Text</subfield>
      <subfield code="b">txt</subfield>
      <subfield code="2">rdacontent</subfield>
    </datafield>
    <datafield ind1=" " ind2=" " tag="337">
      <subfield code="a">ohne Hilfsmittel zu benutzen</subfield>
      <subfield code="b">n</subfield>
      <subfield code="2">rdamedia</subfield>
    </datafield>
    <datafield ind1=" " ind2=" " tag="338">
      <subfield code="a">Band</subfield>
      <subfield code="b">nc</subfield>
      <subfield code="2">rdacarrier</subfield>
    </datafield>
    <datafield ind1="0" ind2=" " tag="362">
      <subfield code="a">Nachgewiesen 1992 -</subfield>
    </datafield>
    <datafield ind1="0" ind2="1" tag="363">
      <subfield code="8">1.1\x</subfield>
      <subfield code="i">1992</subfield>
    </datafield>
    <datafield ind1=" " ind2="7" tag="650">
      <subfield code="0">(DE-588)4127794-6</subfield>
      <subfield code="0">https://d-nb.info/gnd/4127794-6</subfield>
      <subfield code="0">(DE-101)041277945</subfield>
      <subfield code="a">Heimatkunde</subfield>
      <subfield code="9">rswk-swf</subfield>
      <subfield code="2">gnd</subfield>
    </datafield>
    <datafield ind1=" " ind2="7" tag="651">
      <subfield code="0">(DE-588)5195218-X</subfield>
      <subfield code="0">https://d-nb.info/gnd/5195218-X</subfield>
      <subfield code="0">(DE-101)949858811</subfield>
      <subfield code="a">Wuppertal-Vohwinkel</subfield>
      <subfield code="9">rswk-swf</subfield>
      <subfield code="2">gnd</subfield>
    </datafield>
    <datafield ind1=" " ind2="7" tag="655">
      <subfield code="0">(DE-588)4067488-5</subfield>
      <subfield code="0">https://d-nb.info/gnd/4067488-5</subfield>
      <subfield code="0">(DE-101)040674886</subfield>
      <subfield code="a">Zeitschrift</subfield>
      <subfield code="2">gnd-content</subfield>
    </datafield>
    <datafield ind1=" " ind2="7" tag="655">
      <subfield code="a">Zeitschrift</subfield>
      <subfield code="9">rswk-swf</subfield>
      <subfield code="2">gnd</subfield>
    </datafield>
    <datafield ind1="0" ind2="0" tag="689">
      <subfield code="0">(DE-588)5195218-X</subfield>
      <subfield code="0">https://d-nb.info/gnd/5195218-X</subfield>
      <subfield code="0">(DE-101)949858811</subfield>
      <subfield code="D">g</subfield>
      <subfield code="a">Wuppertal-Vohwinkel</subfield>
    </datafield>
    <datafield ind1="0" ind2="1" tag="689">
      <subfield code="0">(DE-588)4127794-6</subfield>
      <subfield code="0">https://d-nb.info/gnd/4127794-6</subfield>
      <subfield code="0">(DE-101)041277945</subfield>
      <subfield code="D">s</subfield>
      <subfield code="a">Heimatkunde</subfield>
    </datafield>
    <datafield ind1="0" ind2="2" tag="689">
      <subfield code="A">f</subfield>
      <subfield code="a">Zeitschrift</subfield>
    </datafield>
    <datafield ind1="0" ind2=" " tag="689">
      <subfield code="5">DE-61</subfield>
      <subfield code="5">DE-605</subfield>
    </datafield>
    <datafield ind1="0" ind2="8" tag="776">
      <subfield code="i">Erscheint auch als</subfield>
      <subfield code="n">Online-Ausgabe</subfield>
      <subfield code="a">Bürgerverein Vohwinkel</subfield>
      <subfield code="t">Bürger-Info / Bürgerverein Vohwinkel e.V.</subfield>
      <subfield code="d">Wuppertal : [Verlag nicht ermittelbar], 1994-</subfield>
      <subfield code="h">Online-Ressource</subfield>
      <subfield code="w">(DE-600)2806247-4</subfield>
      <subfield code="w">(DE-101)1064947999</subfield>
    </datafield>
    <datafield ind1=" " ind2=" " tag="850">
      <subfield code="a">DE-101a</subfield>
      <subfield code="a">DE-101b</subfield>
    </datafield>
    <datafield ind1="2" ind2=" " tag="883">
      <subfield code="8">2\p</subfield>
      <subfield code="a">dnb</subfield>
      <subfield code="d">20210507</subfield>
      <subfield code="q">DE-101</subfield>
      <subfield code="u">https://d-nb.info/provenance/plan#dnb</subfield>
    </datafield>
    <datafield ind1="r" ind2=" " tag="925">
      <subfield code="a">rb</subfield>
    </datafield>
  </record>

  <record type="Holdings">
    <leader>00000ny  a22000003n 4500</leader>
    <controlfield tag="001">72213536X</controlfield>
    <controlfield tag="003">DE-101</controlfield>
    <controlfield tag="005">20211027133737.0</controlfield>
    <controlfield tag="008">210415||||||||||||||||ger|||||||</controlfield>
    <datafield ind1=" " ind2=" " tag="092">
      <subfield code="a">950200-2</subfield>
      <subfield code="d">101a</subfield>
      <subfield code="k">SAX</subfield>
      <subfield code="l">a</subfield>
      <subfield code="o">b</subfield>
    </datafield>
    <datafield ind1=" " ind2=" " tag="541">
      <subfield code="e">L-1992-72213536X</subfield>
    </datafield>
    <datafield ind1=" " ind2=" " tag="852">
      <subfield code="8">1</subfield>
    </datafield>
    <datafield ind1=" " ind2=" " tag="852">
      <subfield code="a">DE-101a</subfield>
    </datafield>
    <datafield ind1="0" ind2="1" tag="859">
      <subfield code="8">1.1\x</subfield>
      <subfield code="i">2021</subfield>
    </datafield>
    <datafield ind1="3" ind2="0" tag="866">
      <subfield code="a">2021 -</subfield>
    </datafield>
    <datafield ind1=" " ind2=" " tag="933">
      <subfield code="a">CC0</subfield>
    </datafield>
  </record>
  <record type="Holdings">
    <leader>00000ny  a22000003n 4500</leader>
    <controlfield tag="001">722215711</controlfield>
    <controlfield tag="003">DE-101</controlfield>
    <controlfield tag="005">20211027140121.0</controlfield>
    <controlfield tag="008">210415||||||||||||||||ger|||||||</controlfield>
    <datafield ind1=" " ind2=" " tag="092">
      <subfield code="a">600100-2</subfield>
      <subfield code="d">101b</subfield>
      <subfield code="k">HES</subfield>
      <subfield code="l">a</subfield>
      <subfield code="o">b</subfield>
    </datafield>
    <datafield ind1=" " ind2=" " tag="541">
      <subfield code="e">F-1992-722215711</subfield>
    </datafield>
    <datafield ind1=" " ind2=" " tag="852">
      <subfield code="8">1</subfield>
    </datafield>
    <datafield ind1=" " ind2=" " tag="852">
      <subfield code="a">DE-101b</subfield>
    </datafield>
    <datafield ind1="3" ind2="0" tag="866">
      <subfield code="a">2021 -</subfield>
    </datafield>
    <datafield ind1=" " ind2=" " tag="933">
      <subfield code="a">CC0</subfield>
    </datafield>
  </record>
  <record type="Holdings">
    <leader>00000ny  a22000003n 4500</leader>
    <controlfield tag="001">23267650X</controlfield>
    <controlfield tag="003">DE-101</controlfield>
    <controlfield tag="005">20241108160005.0</controlfield>
    <controlfield tag="008">120313||||||||||||||||ger|||||||</controlfield>
    <datafield ind1=" " ind2=" " tag="035">
      <subfield code="a">(DE-605)22301590690006443</subfield>
    </datafield>
    <datafield ind1=" " ind2=" " tag="092">
      <subfield code="a">401000-0</subfield>
      <subfield code="d">61</subfield>
      <subfield code="k">NRW</subfield>
      <subfield code="l">a</subfield>
      <subfield code="o">b</subfield>
    </datafield>
    <datafield ind1=" " ind2=" " tag="852">
      <subfield code="8">1</subfield>
    </datafield>
    <datafield ind1=" " ind2="1" tag="852">
      <subfield code="c">zy 1452</subfield>
      <subfield code="9">00</subfield>
    </datafield>
    <datafield ind1=" " ind2="2" tag="852">
      <subfield code="b">00</subfield>
      <subfield code="9">09</subfield>
    </datafield>
    <datafield ind1=" " ind2=" " tag="852">
      <subfield code="a">DE-61</subfield>
    </datafield>
    <datafield ind1="0" ind2="0" tag="859">
      <subfield code="8">1.1\x</subfield>
      <subfield code="i">1993</subfield>
    </datafield>
    <datafield ind1="1" ind2="0" tag="859">
      <subfield code="8">1.2\x</subfield>
      <subfield code="i">2001/02</subfield>
    </datafield>
    <datafield ind1="0" ind2="0" tag="859">
      <subfield code="8">2.1\x</subfield>
      <subfield code="i">2004</subfield>
    </datafield>
    <datafield ind1="1" ind2="0" tag="859">
      <subfield code="8">2.2\x</subfield>
      <subfield code="i">2008</subfield>
    </datafield>
    <datafield ind1="0" ind2="1" tag="859">
      <subfield code="8">3.1\x</subfield>
      <subfield code="i">2011</subfield>
    </datafield>
    <datafield ind1="3" ind2="0" tag="866">
      <subfield code="a">1993 - 2001/02; 2004 - 2008; 2011 -</subfield>
    </datafield>
    <datafield ind1=" " ind2=" " tag="933">
      <subfield code="a">CC0</subfield>
    </datafield>
  </record>
  <record type="Holdings">
    <leader>00000ny  a22000003n 4500</leader>
    <controlfield tag="001">334321786</controlfield>
    <controlfield tag="003">DE-101</controlfield>
    <controlfield tag="005">20150901125147.0</controlfield>
    <controlfield tag="008">150901||||||||||||||||ger|||||||</controlfield>
    <datafield ind1=" " ind2=" " tag="092">
      <subfield code="a">958600-3</subfield>
      <subfield code="d">185</subfield>
      <subfield code="k">SAX</subfield>
      <subfield code="l">a</subfield>
      <subfield code="o">c</subfield>
    </datafield>
    <datafield ind1=" " ind2=" " tag="852">
      <subfield code="8">1</subfield>
    </datafield>
    <datafield ind1=" " ind2="1" tag="852">
      <subfield code="c">NW 101</subfield>
      <subfield code="9">00</subfield>
    </datafield>
    <datafield ind1=" " ind2=" " tag="852">
      <subfield code="a">DE-185</subfield>
    </datafield>
    <datafield ind1="0" ind2="0" tag="859">
      <subfield code="8">1.1\x</subfield>
      <subfield code="i">1992</subfield>
    </datafield>
    <datafield ind1="0" ind2="0" tag="859">
      <subfield code="8">2.1\x</subfield>
      <subfield code="i">1995</subfield>
    </datafield>
    <datafield ind1="1" ind2="0" tag="859">
      <subfield code="8">2.2\x</subfield>
      <subfield code="i">1996</subfield>
    </datafield>
    <datafield ind1="0" ind2="0" tag="859">
      <subfield code="8">3.1\x</subfield>
      <subfield code="i">1999</subfield>
    </datafield>
    <datafield ind1="1" ind2="0" tag="859">
      <subfield code="8">3.2\x</subfield>
      <subfield code="i">2001/02</subfield>
    </datafield>
    <datafield ind1="0" ind2="0" tag="859">
      <subfield code="8">4.1\x</subfield>
      <subfield code="i">2006</subfield>
    </datafield>
    <datafield ind1="0" ind2="0" tag="859">
      <subfield code="8">5.1\x</subfield>
      <subfield code="i">2008</subfield>
    </datafield>
    <datafield ind1="1" ind2="0" tag="859">
      <subfield code="8">5.2\x</subfield>
      <subfield code="i">2009</subfield>
    </datafield>
    <datafield ind1="0" ind2="1" tag="859">
      <subfield code="8">6.1\x</subfield>
      <subfield code="i">2013</subfield>
    </datafield>
    <datafield ind1="3" ind2="0" tag="866">
      <subfield code="a">1992; 1995 - 1996; 1999 - 2001/02; 2006; 2008 - 2009; 2013 -</subfield>
    </datafield>
    <datafield ind1=" " ind2=" " tag="933">
      <subfield code="a">CC0</subfield>
    </datafield>
  </record>
  <record type="Holdings">
    <leader>00000ny  a22000003n 4500</leader>
    <controlfield tag="001">1026210305</controlfield>
    <controlfield tag="003">DE-101</controlfield>
    <controlfield tag="005">20231012085332.0</controlfield>
    <controlfield tag="008">231012||||||||||||||||ger|||||||</controlfield>
    <datafield ind1=" " ind2=" " tag="092">
      <subfield code="a">568101-7</subfield>
      <subfield code="d">Sol 1</subfield>
      <subfield code="k">NRW</subfield>
      <subfield code="l">b</subfield>
      <subfield code="o">d</subfield>
      <subfield code="y">wk</subfield>
    </datafield>
    <datafield ind1=" " ind2="1" tag="852">
      <subfield code="c">KA 7776</subfield>
      <subfield code="9">00</subfield>
    </datafield>
    <datafield ind1=" " ind2=" " tag="852">
      <subfield code="a">DE-Sol1</subfield>
    </datafield>
    <datafield ind1="0" ind2="0" tag="859">
      <subfield code="8">1.1\x</subfield>
      <subfield code="i">1994</subfield>
    </datafield>
    <datafield ind1="3" ind2="0" tag="866">
      <subfield code="a">1994</subfield>
    </datafield>
    <datafield ind1=" " ind2=" " tag="933">
      <subfield code="a">CC0</subfield>
    </datafield>
  </record>
</collection></recordData><recordPosition>2</recordPosition></record>