<record><recordSchema>MARC21plus-xml</recordSchema><recordPacking>xml</recordPacking><recordData><collection xmlns="http://www.loc.gov/MARC21/slim">
  <record type="Bibliographic">
    <leader>00000nas a2200000 c 4500</leader>
    <controlfield tag="001">102166846X</controlfield>
    <controlfield tag="003">DE-101</controlfield>
    <controlfield tag="005">20221031134644.0</controlfield>
    <controlfield tag="007">tu</controlfield>
    <controlfield tag="008">120423d20122020gw a||p|  ||| 0||||1ger c</controlfield>
    <datafield ind1=" " ind2=" " tag="015">
      <subfield code="a">12,B19</subfield>
      <subfield code="2">dnb</subfield>
    </datafield>
    <datafield ind1="7" ind2=" " tag="016">
      <subfield code="2">DE-600</subfield>
      <subfield code="a">2659541-2</subfield>
    </datafield>
    <datafield ind1="7" ind2=" " tag="016">
      <subfield code="2">DE-101</subfield>
      <subfield code="a">102166846X</subfield>
    </datafield>
    <datafield ind1=" " ind2=" " tag="035">
      <subfield code="a">(DE-599)ZDB2659541-2</subfield>
    </datafield>
    <datafield ind1=" " ind2=" " tag="035">
      <subfield code="a">(OCoLC)794526557</subfield>
    </datafield>
    <datafield ind1=" " ind2=" " tag="040">
      <subfield code="a">1141</subfield>
      <subfield code="b">ger</subfield>
      <subfield code="c">DE-101</subfield>
      <subfield code="d">9001</subfield>
    </datafield>
    <datafield ind1=" " ind2=" " tag="041">
      <subfield code="a">ger</subfield>
    </datafield>
    <datafield ind1=" " ind2=" " tag="042">
      <subfield code="a">zdb</subfield>
    </datafield>
    <datafield ind1=" " ind2=" " tag="044">
      <subfield code="c">XA-DE</subfield>
    </datafield>
    <datafield ind1="0" ind2="4" tag="082">
      <subfield code="8">2\u</subfield>
      <subfield code="a">796.5109435505</subfield>
      <subfield code="q">DE-101</subfield>
      <subfield code="2">22/ger</subfield>
    </datafield>
    <datafield ind1="7" ind2=" " tag="083">
      <subfield code="a">796</subfield>
      <subfield code="a">914.3</subfield>
      <subfield code="q">DE-101</subfield>
      <subfield code="2">22sdnb</subfield>
    </datafield>
    <datafield ind1="7" ind2=" " tag="083">
      <subfield code="a">796</subfield>
      <subfield code="a">914.3</subfield>
      <subfield code="q">DE-600</subfield>
      <subfield code="2">22sdnb</subfield>
    </datafield>
    <datafield ind1=" " ind2=" " tag="084">
      <subfield code="a">Nordrhein-Westfalen</subfield>
      <subfield code="0">https://nwbib.de/spatial#N01</subfield>
      <subfield code="2">nwbib</subfield>
    </datafield>
    <datafield ind1=" " ind2=" " tag="084">
      <subfield code="a">Reise-, Stadt- und Wanderführer</subfield>
      <subfield code="0">https://nwbib.de/subjects#N102070</subfield>
      <subfield code="2">nwbib</subfield>
    </datafield>
    <datafield ind1=" " ind2=" " tag="085">
      <subfield code="8">2\u</subfield>
      <subfield code="b">796.51</subfield>
    </datafield>
    <datafield ind1=" " ind2=" " tag="085">
      <subfield code="8">2\u</subfield>
      <subfield code="z">1</subfield>
      <subfield code="s">05</subfield>
    </datafield>
    <datafield ind1=" " ind2=" " tag="085">
      <subfield code="8">2\u</subfield>
      <subfield code="z">2</subfield>
      <subfield code="s">4355</subfield>
    </datafield>
    <datafield ind1="0" ind2="0" tag="245">
      <subfield code="a">Wunderbar wanderbar - unser NRW!</subfield>
      <subfield code="b">unterwegs mit Bus und Bahn</subfield>
      <subfield code="c">Hrsg.: Kompetenzcenter Marketing NRW</subfield>
    </datafield>
    <datafield ind1="3" ind2="1" tag="264">
      <subfield code="a">Köln</subfield>
      <subfield code="b">Kompetenzcenter Marketing NRW</subfield>
      <subfield code="c">2012-2020</subfield>
    </datafield>
    <datafield ind1=" " ind2=" " tag="300">
      <subfield code="c">21 cm</subfield>
    </datafield>
    <datafield ind1=" " ind2=" " tag="336">
      <subfield code="a">Text</subfield>
      <subfield code="b">txt</subfield>
      <subfield code="2">rdacontent</subfield>
    </datafield>
    <datafield ind1=" " ind2=" " tag="337">
      <subfield code="a">ohne Hilfsmittel zu benutzen</subfield>
      <subfield code="b">n</subfield>
      <subfield code="2">rdamedia</subfield>
    </datafield>
    <datafield ind1=" " ind2=" " tag="338">
      <subfield code="a">Band</subfield>
      <subfield code="b">nc</subfield>
      <subfield code="2">rdacarrier</subfield>
    </datafield>
    <datafield ind1="0" ind2=" " tag="362">
      <subfield code="a">Ausg. 2012-Ausgabe 2020</subfield>
    </datafield>
    <datafield ind1="0" ind2="0" tag="363">
      <subfield code="8">1.1\x</subfield>
      <subfield code="i">2012</subfield>
    </datafield>
    <datafield ind1="1" ind2="0" tag="363">
      <subfield code="8">1.2\x</subfield>
      <subfield code="i">2020</subfield>
    </datafield>
    <datafield ind1="0" ind2=" " tag="490">
      <subfield code="a">Busse &amp; Bahnen NRW</subfield>
    </datafield>
    <datafield ind1=" " ind2=" " tag="515">
      <subfield code="a">Ersch. jährl.</subfield>
    </datafield>
    <datafield ind1="1" ind2=" " tag="583">
      <subfield code="a">Archivierung/Langzeitarchivierung gewährleistet</subfield>
      <subfield code="c">2020</subfield>
      <subfield code="f">PENW</subfield>
      <subfield code="5">DE-5</subfield>
      <subfield code="2">pdager</subfield>
    </datafield>
    <datafield ind1=" " ind2="7" tag="650">
      <subfield code="0">(DE-588)4064532-0</subfield>
      <subfield code="0">https://d-nb.info/gnd/4064532-0</subfield>
      <subfield code="0">(DE-101)040645320</subfield>
      <subfield code="a">Wandern</subfield>
      <subfield code="9">rswk-swf</subfield>
      <subfield code="2">gnd</subfield>
    </datafield>
    <datafield ind1=" " ind2="7" tag="651">
      <subfield code="0">(DE-588)4042570-8</subfield>
      <subfield code="0">https://d-nb.info/gnd/4042570-8</subfield>
      <subfield code="0">(DE-101)040425703</subfield>
      <subfield code="a">Nordrhein-Westfalen</subfield>
      <subfield code="9">rswk-swf</subfield>
      <subfield code="2">gnd</subfield>
    </datafield>
    <datafield ind1=" " ind2="7" tag="655">
      <subfield code="0">(DE-588)4067488-5</subfield>
      <subfield code="0">https://d-nb.info/gnd/4067488-5</subfield>
      <subfield code="0">(DE-101)040674886</subfield>
      <subfield code="a">Zeitschrift</subfield>
      <subfield code="2">gnd-content</subfield>
    </datafield>
    <datafield ind1=" " ind2="7" tag="655">
      <subfield code="0">(DE-588)4155569-7</subfield>
      <subfield code="0">https://d-nb.info/gnd/4155569-7</subfield>
      <subfield code="0">(DE-101)041555694</subfield>
      <subfield code="a">Führer</subfield>
      <subfield code="2">gnd-content</subfield>
    </datafield>
    <datafield ind1="0" ind2="0" tag="689">
      <subfield code="0">(DE-588)4042570-8</subfield>
      <subfield code="0">https://d-nb.info/gnd/4042570-8</subfield>
      <subfield code="0">(DE-101)040425703</subfield>
      <subfield code="D">g</subfield>
      <subfield code="a">Nordrhein-Westfalen</subfield>
    </datafield>
    <datafield ind1="0" ind2="1" tag="689">
      <subfield code="0">(DE-588)4064532-0</subfield>
      <subfield code="0">https://d-nb.info/gnd/4064532-0</subfield>
      <subfield code="0">(DE-101)040645320</subfield>
      <subfield code="D">s</subfield>
      <subfield code="a">Wandern</subfield>
    </datafield>
    <datafield ind1="0" ind2=" " tag="689">
      <subfield code="5">DE-5</subfield>
      <subfield code="5">DE-605</subfield>
    </datafield>
    <datafield ind1="0" ind2="8" tag="772">
      <subfield code="i">Supplement zu</subfield>
      <subfield code="t">Wandermagazin</subfield>
      <subfield code="d">Bonn : OutdoorWelten GmbH, 1985-</subfield>
      <subfield code="x">0178-1677</subfield>
      <subfield code="w">(DE-600)1044270-4</subfield>
      <subfield code="w">(DE-101)015762920</subfield>
    </datafield>
    <datafield ind1="0" ind2="8" tag="772">
      <subfield code="i">Supplement zu</subfield>
      <subfield code="t">Eggegebirgsbote</subfield>
      <subfield code="d">Bad Driburg : Eggegebirgsverein, 1902-</subfield>
      <subfield code="w">(DE-600)630913-6</subfield>
      <subfield code="w">(DE-101)013657208</subfield>
    </datafield>
    <datafield ind1="0" ind2="0" tag="780">
      <subfield code="i">Vorg.:</subfield>
      <subfield code="t">Wunderbar wanderbar!</subfield>
      <subfield code="d">Köln : Kompetenzcenter Marketing NRW, 2005-2011</subfield>
      <subfield code="w">(DE-600)2659507-2</subfield>
      <subfield code="w">(DE-101)1021665835</subfield>
    </datafield>
    <datafield ind1="0" ind2="0" tag="785">
      <subfield code="i">Fortgesetzt durch</subfield>
      <subfield code="t">NRW entdecken</subfield>
      <subfield code="d">Köln : Kompetenzcenter Marketing NRW, [2021]-</subfield>
      <subfield code="h">Bände</subfield>
      <subfield code="w">(DE-600)3092548-4</subfield>
      <subfield code="w">(DE-101)1240795475</subfield>
    </datafield>
    <datafield ind1=" " ind2=" " tag="850">
      <subfield code="a">DE-101a</subfield>
      <subfield code="a">DE-101b</subfield>
    </datafield>
    <datafield ind1="r" ind2=" " tag="925">
      <subfield code="a">rb</subfield>
    </datafield>
  </record>

  <record type="Holdings">
    <leader>00000ny  a22000003n 4500</leader>
    <controlfield tag="001">235421022</controlfield>
    <controlfield tag="003">DE-101</controlfield>
    <controlfield tag="005">20210908153117.0</controlfield>
    <controlfield tag="008">120423||||||||||||||||ger|||||||</controlfield>
    <datafield ind1=" " ind2=" " tag="092">
      <subfield code="a">950200-2</subfield>
      <subfield code="d">101a</subfield>
      <subfield code="k">SAX</subfield>
      <subfield code="l">a</subfield>
      <subfield code="o">b</subfield>
    </datafield>
    <datafield ind1=" " ind2=" " tag="541">
      <subfield code="e">L-2012-235421022</subfield>
    </datafield>
    <datafield ind1=" " ind2=" " tag="852">
      <subfield code="8">1</subfield>
    </datafield>
    <datafield ind1=" " ind2="1" tag="852">
      <subfield code="c">Z 2012 A 365</subfield>
      <subfield code="9">00</subfield>
    </datafield>
    <datafield ind1=" " ind2=" " tag="852">
      <subfield code="a">DE-101a</subfield>
    </datafield>
    <datafield ind1="0" ind2="0" tag="859">
      <subfield code="8">1.1\x</subfield>
      <subfield code="i">2012</subfield>
    </datafield>
    <datafield ind1="1" ind2="0" tag="859">
      <subfield code="8">1.2\x</subfield>
      <subfield code="i">2020</subfield>
    </datafield>
    <datafield ind1="3" ind2="0" tag="866">
      <subfield code="a">Ausg. 2012 - 2020</subfield>
    </datafield>
    <datafield ind1=" " ind2=" " tag="933">
      <subfield code="a">CC0</subfield>
    </datafield>
  </record>
  <record type="Holdings">
    <leader>00000ny  a22000003n 4500</leader>
    <controlfield tag="001">235458341</controlfield>
    <controlfield tag="003">DE-101</controlfield>
    <controlfield tag="005">20210908153131.0</controlfield>
    <controlfield tag="008">120423||||||||||||||||ger|||||||</controlfield>
    <datafield ind1=" " ind2=" " tag="092">
      <subfield code="a">600100-2</subfield>
      <subfield code="d">101b</subfield>
      <subfield code="k">HES</subfield>
      <subfield code="l">a</subfield>
      <subfield code="o">b</subfield>
    </datafield>
    <datafield ind1=" " ind2=" " tag="541">
      <subfield code="e">F-2012-235458341</subfield>
    </datafield>
    <datafield ind1=" " ind2=" " tag="852">
      <subfield code="8">1</subfield>
    </datafield>
    <datafield ind1=" " ind2="1" tag="852">
      <subfield code="c">Z 2012 A 365</subfield>
      <subfield code="9">00</subfield>
    </datafield>
    <datafield ind1=" " ind2=" " tag="852">
      <subfield code="a">DE-101b</subfield>
    </datafield>
    <datafield ind1="0" ind2="0" tag="859">
      <subfield code="8">1.1\x</subfield>
      <subfield code="i">2012</subfield>
    </datafield>
    <datafield ind1="1" ind2="0" tag="859">
      <subfield code="8">1.2\x</subfield>
      <subfield code="i">2020</subfield>
    </datafield>
    <datafield ind1="3" ind2="0" tag="866">
      <subfield code="a">Ausg. 2012 - 2020</subfield>
    </datafield>
    <datafield ind1=" " ind2=" " tag="933">
      <subfield code="a">CC0</subfield>
    </datafield>
  </record>
  <record type="Holdings">
    <leader>00000ny  a22000003n 4500</leader>
    <controlfield tag="001">242703534</controlfield>
    <controlfield tag="003">DE-101</controlfield>
    <controlfield tag="005">20240426194119.0</controlfield>
    <controlfield tag="008">120830||||||||||||||||ger|||||||</controlfield>
    <datafield ind1=" " ind2=" " tag="035">
      <subfield code="a">(DE-605)22276202570006467</subfield>
    </datafield>
    <datafield ind1=" " ind2=" " tag="092">
      <subfield code="a">531000-3</subfield>
      <subfield code="d">5</subfield>
      <subfield code="k">NRW</subfield>
      <subfield code="l">a</subfield>
      <subfield code="o">b</subfield>
      <subfield code="y">90</subfield>
    </datafield>
    <datafield ind1=" " ind2=" " tag="852">
      <subfield code="8">1</subfield>
    </datafield>
    <datafield ind1=" " ind2="1" tag="852">
      <subfield code="c">Z 2012/302</subfield>
      <subfield code="9">00</subfield>
    </datafield>
    <datafield ind1=" " ind2=" " tag="852">
      <subfield code="a">DE-5</subfield>
    </datafield>
    <datafield ind1="0" ind2="0" tag="859">
      <subfield code="8">1.1\x</subfield>
      <subfield code="i">2012</subfield>
    </datafield>
    <datafield ind1="1" ind2="0" tag="859">
      <subfield code="8">1.2\x</subfield>
      <subfield code="i">2020</subfield>
    </datafield>
    <datafield ind1="3" ind2="0" tag="866">
      <subfield code="9">Ausgabe</subfield>
    </datafield>
    <datafield ind1="3" ind2="0" tag="866">
      <subfield code="a">2012 - 2020</subfield>
    </datafield>
    <datafield ind1=" " ind2=" " tag="933">
      <subfield code="a">CC0</subfield>
    </datafield>
  </record>
  <record type="Holdings">
    <leader>00000ny  a22000003n 4500</leader>
    <controlfield tag="001">1019556471</controlfield>
    <controlfield tag="003">DE-101</controlfield>
    <controlfield tag="005">20230920072806.0</controlfield>
    <controlfield tag="008">230920||||||||||||||||ger|||||||</controlfield>
    <datafield ind1=" " ind2=" " tag="092">
      <subfield code="a">568101-7</subfield>
      <subfield code="d">Sol 1</subfield>
      <subfield code="k">NRW</subfield>
      <subfield code="l">b</subfield>
      <subfield code="o">d</subfield>
      <subfield code="y">wk</subfield>
    </datafield>
    <datafield ind1=" " ind2="1" tag="852">
      <subfield code="c">EX 1582</subfield>
      <subfield code="9">00</subfield>
    </datafield>
    <datafield ind1=" " ind2=" " tag="852">
      <subfield code="a">DE-Sol1</subfield>
    </datafield>
    <datafield ind1="0" ind2="0" tag="859">
      <subfield code="8">1.1\x</subfield>
      <subfield code="i">2012</subfield>
    </datafield>
    <datafield ind1="1" ind2="0" tag="859">
      <subfield code="8">1.2\x</subfield>
      <subfield code="i">2015</subfield>
    </datafield>
    <datafield ind1="0" ind2="0" tag="859">
      <subfield code="8">2.1\x</subfield>
      <subfield code="i">2020</subfield>
    </datafield>
    <datafield ind1="3" ind2="0" tag="866">
      <subfield code="a">2012 - 2015; 2020</subfield>
    </datafield>
    <datafield ind1=" " ind2=" " tag="933">
      <subfield code="a">CC0</subfield>
    </datafield>
  </record>
</collection></recordData><recordPosition>4</recordPosition></record>