</records><nextRecordPosition>6</nextRecordPosition><echoedSearchRetrieveRequest><version>1.1</version><query>dnb.isil=DE-Sol1</query><xQuery xmlns:xsi="http://www.w3.org/2001/XMLSchema-instance" xsi:nil="true"/><startRecord>1</startRecord><maximumRecords>5</maximumRecords><recordSchema>MARC21plus-xml</recordSchema></echoedSearchRetrieveRequest></searchRetrieveResponse>


<searchRetrieveResponse xmlns="http://www.loc.gov/zing/srw/"><version>1.1</version><numberOfRecords>3032</numberOfRecords><records><record><recordSchema>MARC21plus-xml</recordSchema><recordPacking>xml</recordPacking><recordData><collection xmlns="http://www.loc.gov/MARC21/slim">
  <record type="Bibliographic">
    <leader>00000nas a2200000 c 4500</leader>
    <controlfield tag="001">1000890570</controlfield>
    <controlfield tag="003">DE-101</controlfield>
    <controlfield tag="005">20171201140651.0</controlfield>
    <controlfield tag="007">tu</controlfield>
    <controlfield tag="008">100316d19291932xx u||p|  ||| 0||||1ger c</controlfield>
    <datafield ind1="7" ind2=" " tag="016">
      <subfield code="2">DE-600</subfield>
      <subfield code="a">2544648-4</subfield>
    </datafield>
    <datafield ind1="7" ind2=" " tag="016">
      <subfield code="2">DE-101</subfield>
      <subfield code="a">1000890570</subfield>
    </datafield>
    <datafield ind1=" " ind2=" " tag="035">
      <subfield code="a">(DE-599)ZDB2544648-4</subfield>
    </datafield>
    <datafield ind1=" " ind2=" " tag="035">
      <subfield code="a">(OCoLC)1369002878</subfield>
    </datafield>
    <datafield ind1=" " ind2=" " tag="040">
      <subfield code="a">4031</subfield>
      <subfield code="b">ger</subfield>
      <subfield code="c">DE-101</subfield>
      <subfield code="d">9999</subfield>
    </datafield>
    <datafield ind1=" " ind2=" " tag="041">
      <subfield code="a">ger</subfield>
    </datafield>
    <datafield ind1=" " ind2=" " tag="042">
      <subfield code="a">zdb</subfield>
    </datafield>
    <datafield ind1=" " ind2=" " tag="044">
      <subfield code="c">XA-DXDE</subfield>
    </datafield>
    <datafield ind1="7" ind2="4" tag="082">
      <subfield code="a">370</subfield>
      <subfield code="q">DE-600</subfield>
      <subfield code="2">22sdnb</subfield>
    </datafield>
    <datafield ind1=" " ind2=" " tag="090">
      <subfield code="n">sc</subfield>
    </datafield>
    <datafield ind1="2" ind2=" " tag="110">
      <subfield code="0">(DE-588)16059257-4</subfield>
      <subfield code="0">https://d-nb.info/gnd/16059257-4</subfield>
      <subfield code="0">(DE-101)1000887049</subfield>
      <subfield code="a">Städtisches Oberlyzeum, Frauenschule und Technisches Seminar zu Solingen</subfield>
      <subfield code="e">Verfasser</subfield>
      <subfield code="4">aut</subfield>
      <subfield code="2">gnd</subfield>
    </datafield>
    <datafield ind1="1" ind2="0" tag="245">
      <subfield code="a">Bericht über das Schuljahr ... / Städtisches Oberlyzeum, Frauenschule und Technisches Seminar zu Solingen</subfield>
    </datafield>
    <datafield ind1="3" ind2="1" tag="264">
      <subfield code="a">Solingen</subfield>
      <subfield code="b">[Verlag nicht ermittelbar]</subfield>
      <subfield code="c">1929-1932</subfield>
    </datafield>
    <datafield ind1=" " ind2=" " tag="336">
      <subfield code="a">Text</subfield>
      <subfield code="b">txt</subfield>
      <subfield code="2">rdacontent</subfield>
    </datafield>
    <datafield ind1=" " ind2=" " tag="337">
      <subfield code="a">ohne Hilfsmittel zu benutzen</subfield>
      <subfield code="b">n</subfield>
      <subfield code="2">rdamedia</subfield>
    </datafield>
    <datafield ind1=" " ind2=" " tag="338">
      <subfield code="a">Band</subfield>
      <subfield code="b">nc</subfield>
      <subfield code="2">rdacarrier</subfield>
    </datafield>
    <datafield ind1="0" ind2=" " tag="362">
      <subfield code="a">1928(1929) - 1931(1932)</subfield>
    </datafield>
    <datafield ind1="0" ind2="0" tag="363">
      <subfield code="8">1.1\x</subfield>
      <subfield code="i">1928</subfield>
    </datafield>
    <datafield ind1="1" ind2="0" tag="363">
      <subfield code="8">1.2\x</subfield>
      <subfield code="i">1931</subfield>
    </datafield>
    <datafield ind1=" " ind2="7" tag="655">
      <subfield code="0">(DE-588)4067488-5</subfield>
      <subfield code="0">https://d-nb.info/gnd/4067488-5</subfield>
      <subfield code="0">(DE-101)040674886</subfield>
      <subfield code="a">Zeitschrift</subfield>
      <subfield code="2">gnd-content</subfield>
    </datafield>
    <datafield ind1=" " ind2="7" tag="655">
      <subfield code="0">(DE-588)4077211-1</subfield>
      <subfield code="0">https://d-nb.info/gnd/4077211-1</subfield>
      <subfield code="0">(DE-101)04077211X</subfield>
      <subfield code="a">Schulprogramm</subfield>
      <subfield code="2">gnd-content</subfield>
    </datafield>
    <datafield ind1="0" ind2="0" tag="780">
      <subfield code="i">Vorg.:</subfield>
      <subfield code="a">Städtisches Lyzeum mit Oberlyzeum i. E., Frauenschule und Technisches Seminar zu Solingen</subfield>
      <subfield code="t">Bericht / Städtisches Lyzeum mit Oberlyzeum i. E., Frauenschule und Technisches Seminar zu Solingen</subfield>
      <subfield code="d">Solingen : [Verlag nicht ermittelbar], 1927-1928</subfield>
      <subfield code="w">(DE-600)2209719-3</subfield>
      <subfield code="w">(DE-101)977049957</subfield>
    </datafield>
    <datafield ind1="0" ind2="0" tag="785">
      <subfield code="i">Forts.:</subfield>
      <subfield code="a">August-Dicke-Schule</subfield>
      <subfield code="t">Bericht über das Schuljahr ... / August-Dicke-Schule, Staatliche Oberschule für Mädchen Solingen</subfield>
      <subfield code="d">Solingen : [Verlag nicht ermittelbar], 1933-1939</subfield>
      <subfield code="w">(DE-600)2544652-6</subfield>
      <subfield code="w">(DE-101)1000891100</subfield>
    </datafield>
  </record>

  <record type="Holdings">
    <leader>00000ny  a22000003n 4500</leader>
    <controlfield tag="001">840016808</controlfield>
    <controlfield tag="003">DE-101</controlfield>
    <controlfield tag="005">20221012184900.0</controlfield>
    <controlfield tag="008">150603||||||||||||||||ger|||||||</controlfield>
    <datafield ind1=" " ind2=" " tag="035">
      <subfield code="a">(DE-601)1544423519</subfield>
    </datafield>
    <datafield ind1=" " ind2=" " tag="035">
      <subfield code="a">(DE-1)622507656</subfield>
    </datafield>
    <datafield ind1=" " ind2=" " tag="092">
      <subfield code="a">910107-X</subfield>
      <subfield code="d">1</subfield>
      <subfield code="k">BER</subfield>
      <subfield code="l">a</subfield>
      <subfield code="o">c</subfield>
    </datafield>
    <datafield ind1=" " ind2=" " tag="852">
      <subfield code="8">1</subfield>
    </datafield>
    <datafield ind1=" " ind2="1" tag="852">
      <subfield code="c">&#152;4"&#156;Ah 17477</subfield>
      <subfield code="m">d</subfield>
      <subfield code="=">l</subfield>
      <subfield code="9">00</subfield>
    </datafield>
    <datafield ind1=" " ind2=" " tag="852">
      <subfield code="a">DE-1</subfield>
    </datafield>
    <datafield ind1="0" ind2="0" tag="859">
      <subfield code="8">1.1\x</subfield>
      <subfield code="i">1928/29</subfield>
    </datafield>
    <datafield ind1="1" ind2="0" tag="859">
      <subfield code="8">1.2\x</subfield>
      <subfield code="i">1929/30</subfield>
    </datafield>
    <datafield ind1="3" ind2="0" tag="866">
      <subfield code="a">1928/29(1929) - 1929/30(1930)</subfield>
    </datafield>
    <datafield ind1=" " ind2="0" tag="866">
      <subfield code="z">In Sammelband nach Orten geordnet; bitte mit Erscheinungsjahr bestellen</subfield>
    </datafield>
    <datafield ind1=" " ind2=" " tag="933">
      <subfield code="a">CC0</subfield>
    </datafield>
  </record>
  <record type="Holdings">
    <leader>00000ny  a22000003n 4500</leader>
    <controlfield tag="001">26036309X</controlfield>
    <controlfield tag="003">DE-101</controlfield>
    <controlfield tag="005">20211209164526.0</controlfield>
    <controlfield tag="008">130418||||||||||||||||ger|||||||</controlfield>
    <datafield ind1=" " ind2=" " tag="035">
      <subfield code="a">(DE-605)22304092120006443</subfield>
    </datafield>
    <datafield ind1=" " ind2=" " tag="092">
      <subfield code="a">401000-0</subfield>
      <subfield code="d">61</subfield>
      <subfield code="k">NRW</subfield>
      <subfield code="l">a</subfield>
      <subfield code="o">b</subfield>
    </datafield>
    <datafield ind1=" " ind2=" " tag="852">
      <subfield code="8">1</subfield>
    </datafield>
    <datafield ind1=" " ind2="1" tag="852">
      <subfield code="c">qso 4</subfield>
      <subfield code="9">00</subfield>
    </datafield>
    <datafield ind1=" " ind2="2" tag="852">
      <subfield code="b">00</subfield>
      <subfield code="9">09</subfield>
    </datafield>
    <datafield ind1=" " ind2=" " tag="852">
      <subfield code="a">DE-61</subfield>
    </datafield>
    <datafield ind1="0" ind2="0" tag="859">
      <subfield code="8">1.1\x</subfield>
      <subfield code="i">1928/29</subfield>
    </datafield>
    <datafield ind1="1" ind2="0" tag="859">
      <subfield code="8">1.2\x</subfield>
      <subfield code="i">1929/30</subfield>
    </datafield>
    <datafield ind1="3" ind2="0" tag="866">
      <subfield code="a">1928/29(1929) - 1929/30(1930)</subfield>
    </datafield>
    <datafield ind1=" " ind2=" " tag="933">
      <subfield code="a">CC0</subfield>
    </datafield>
  </record>
  <record type="Holdings">
    <leader>00000ny  a22000003n 4500</leader>
    <controlfield tag="001">1014983991</controlfield>
    <controlfield tag="003">DE-101</controlfield>
    <controlfield tag="005">20230906082839.0</controlfield>
    <controlfield tag="008">230906||||||||||||||||ger|||||||</controlfield>
    <datafield ind1=" " ind2=" " tag="092">
      <subfield code="a">568101-7</subfield>
      <subfield code="d">Sol 1</subfield>
      <subfield code="k">NRW</subfield>
      <subfield code="l">b</subfield>
      <subfield code="o">d</subfield>
      <subfield code="y">wk</subfield>
    </datafield>
    <datafield ind1=" " ind2="1" tag="852">
      <subfield code="c">IV E 1 c</subfield>
      <subfield code="9">00</subfield>
    </datafield>
    <datafield ind1=" " ind2=" " tag="852">
      <subfield code="a">DE-Sol1</subfield>
    </datafield>
    <datafield ind1="0" ind2="0" tag="859">
      <subfield code="8">1.1\x</subfield>
      <subfield code="i">1928</subfield>
    </datafield>
    <datafield ind1="1" ind2="0" tag="859">
      <subfield code="8">1.2\x</subfield>
      <subfield code="i">1929</subfield>
    </datafield>
    <datafield ind1="3" ind2="0" tag="866">
      <subfield code="a">1928(1929) - 1929(1930)</subfield>
    </datafield>
    <datafield ind1=" " ind2=" " tag="933">
      <subfield code="a">CC0</subfield>
    </datafield>
  </record>
  <record type="Holdings">
    <leader>00000ny  a22000003n 4500</leader>
    <controlfield tag="001">171326660</controlfield>
    <controlfield tag="003">DE-101</controlfield>
    <controlfield tag="005">20100316141259.0</controlfield>
    <controlfield tag="008">100316||||||||||||||||ger|||||||</controlfield>
    <datafield ind1=" " ind2=" " tag="092">
      <subfield code="a">916000-0</subfield>
      <subfield code="d">B 478</subfield>
      <subfield code="k">BER</subfield>
      <subfield code="l">a</subfield>
      <subfield code="o">b</subfield>
    </datafield>
    <datafield ind1=" " ind2=" " tag="852">
      <subfield code="8">1</subfield>
    </datafield>
    <datafield ind1=" " ind2="1" tag="852">
      <subfield code="c">Einzelsign.</subfield>
      <subfield code="9">00</subfield>
    </datafield>
    <datafield ind1=" " ind2=" " tag="852">
      <subfield code="a">DE-B478</subfield>
    </datafield>
    <datafield ind1="0" ind2="0" tag="859">
      <subfield code="8">1.1\x</subfield>
      <subfield code="i">1928</subfield>
    </datafield>
    <datafield ind1="1" ind2="0" tag="859">
      <subfield code="8">1.2\x</subfield>
      <subfield code="i">1931</subfield>
    </datafield>
    <datafield ind1="3" ind2="0" tag="866">
      <subfield code="a">1928(1929) - 1931(1932)</subfield>
    </datafield>
    <datafield ind1=" " ind2=" " tag="933">
      <subfield code="a">CC0</subfield>
    </datafield>
  </record>
</collection></recordData><recordPosition>6</recordPosition></record>