<record><recordSchema>MARC21plus-xml</recordSchema><recordPacking>xml</recordPacking><recordData><collection xmlns="http://www.loc.gov/MARC21/slim">
  <record type="Bibliographic">
    <leader>00000nas a2200000 c 4500</leader>
    <controlfield tag="001">1028278918</controlfield>
    <controlfield tag="003">DE-101</controlfield>
    <controlfield tag="005">20241113213237.0</controlfield>
    <controlfield tag="007">tu</controlfield>
    <controlfield tag="008">121127c20129999gw z||p|  ||| 0||||1ger c</controlfield>
    <datafield ind1=" " ind2=" " tag="015">
      <subfield code="a">13,A24</subfield>
      <subfield code="2">dnb</subfield>
    </datafield>
    <datafield ind1="7" ind2=" " tag="016">
      <subfield code="2">DE-600</subfield>
      <subfield code="a">2692822-X</subfield>
    </datafield>
    <datafield ind1="7" ind2=" " tag="016">
      <subfield code="2">DE-101</subfield>
      <subfield code="a">1028278918</subfield>
    </datafield>
    <datafield ind1=" " ind2=" " tag="035">
      <subfield code="a">(DE-599)ZDB2692822-X</subfield>
    </datafield>
    <datafield ind1=" " ind2=" " tag="035">
      <subfield code="a">(OCoLC)848046750</subfield>
    </datafield>
    <datafield ind1=" " ind2=" " tag="040">
      <subfield code="a">0006</subfield>
      <subfield code="b">ger</subfield>
      <subfield code="c">DE-101</subfield>
      <subfield code="d">9999</subfield>
    </datafield>
    <datafield ind1=" " ind2=" " tag="041">
      <subfield code="a">ger</subfield>
    </datafield>
    <datafield ind1=" " ind2=" " tag="042">
      <subfield code="a">zdb</subfield>
    </datafield>
    <datafield ind1=" " ind2=" " tag="044">
      <subfield code="c">XA-DE</subfield>
    </datafield>
    <datafield ind1="0" ind2="4" tag="082">
      <subfield code="8">2\u</subfield>
      <subfield code="a">328.435505</subfield>
      <subfield code="q">DE-101</subfield>
      <subfield code="2">22/ger</subfield>
    </datafield>
    <datafield ind1="7" ind2=" " tag="083">
      <subfield code="a">320</subfield>
      <subfield code="q">DE-101</subfield>
      <subfield code="2">22sdnb</subfield>
    </datafield>
    <datafield ind1="7" ind2=" " tag="083">
      <subfield code="a">320</subfield>
      <subfield code="q">DE-600</subfield>
      <subfield code="2">22sdnb</subfield>
    </datafield>
    <datafield ind1=" " ind2=" " tag="084">
      <subfield code="a">610</subfield>
      <subfield code="a">140</subfield>
      <subfield code="2">rpb</subfield>
    </datafield>
    <datafield ind1=" " ind2=" " tag="085">
      <subfield code="8">2\u</subfield>
      <subfield code="b">328</subfield>
    </datafield>
    <datafield ind1=" " ind2=" " tag="085">
      <subfield code="8">2\u</subfield>
      <subfield code="z">1</subfield>
      <subfield code="s">05</subfield>
    </datafield>
    <datafield ind1=" " ind2=" " tag="085">
      <subfield code="8">2\u</subfield>
      <subfield code="z">2</subfield>
      <subfield code="s">4355</subfield>
    </datafield>
    <datafield ind1="0" ind2="0" tag="245">
      <subfield code="a">Handbuch des Landtags Nordrhein-Westfalen</subfield>
      <subfield code="n">[...]</subfield>
      <subfield code="p">Abgeordnete, Gremien und Organisation</subfield>
      <subfield code="c">hrsg. von der Präsidentin des Landtags Nordrhein-Westfalen</subfield>
    </datafield>
    <datafield ind1="1" ind2="3" tag="246">
      <subfield code="a">Handbuch des Landtags Nordrhein-Westfalen / Abgeordnete, Gremien und Organisation</subfield>
    </datafield>
    <datafield ind1="3" ind2="1" tag="264">
      <subfield code="a">Rheinbreitbach</subfield>
      <subfield code="b">NDV Neue Darmstädter Verlagsanstalt</subfield>
      <subfield code="c">2012-</subfield>
    </datafield>
    <datafield ind1=" " ind2=" " tag="300">
      <subfield code="c">19 cm</subfield>
    </datafield>
    <datafield ind1=" " ind2=" " tag="336">
      <subfield code="a">Text</subfield>
      <subfield code="b">txt</subfield>
      <subfield code="2">rdacontent</subfield>
    </datafield>
    <datafield ind1=" " ind2=" " tag="337">
      <subfield code="a">ohne Hilfsmittel zu benutzen</subfield>
      <subfield code="b">n</subfield>
      <subfield code="2">rdamedia</subfield>
    </datafield>
    <datafield ind1=" " ind2=" " tag="338">
      <subfield code="a">Band</subfield>
      <subfield code="b">nc</subfield>
      <subfield code="2">rdacarrier</subfield>
    </datafield>
    <datafield ind1="0" ind2=" " tag="362">
      <subfield code="a">Wahlper. 16.2012/17(2012) -</subfield>
    </datafield>
    <datafield ind1="0" ind2="1" tag="363">
      <subfield code="8">1.1\x</subfield>
      <subfield code="a">16</subfield>
      <subfield code="i">2012/17</subfield>
    </datafield>
    <datafield ind1=" " ind2=" " tag="515">
      <subfield code="a">Ersch. unregelmäßig</subfield>
    </datafield>
    <datafield ind1="1" ind2=" " tag="583">
      <subfield code="a">Archivierung/Langzeitarchivierung gewährleistet</subfield>
      <subfield code="f">PERP</subfield>
      <subfield code="5">DE-929</subfield>
      <subfield code="2">pdager</subfield>
    </datafield>
    <datafield ind1="1" ind2="7" tag="610">
      <subfield code="0">(DE-588)2029522-4</subfield>
      <subfield code="0">https://d-nb.info/gnd/2029522-4</subfield>
      <subfield code="0">(DE-101)004859995</subfield>
      <subfield code="a">Nordrhein-Westfalen</subfield>
      <subfield code="b">Landtag</subfield>
      <subfield code="9">rswk-swf</subfield>
      <subfield code="2">gnd</subfield>
    </datafield>
    <datafield ind1="1" ind2="7" tag="610">
      <subfield code="0">(DE-588)2029522-4</subfield>
      <subfield code="0">https://d-nb.info/gnd/2029522-4</subfield>
      <subfield code="0">(DE-101)004859995</subfield>
      <subfield code="a">Nordrhein-Westfalen</subfield>
      <subfield code="b">Landtag</subfield>
      <subfield code="9">rswk-swf</subfield>
      <subfield code="2">gnd</subfield>
    </datafield>
    <datafield ind1=" " ind2="7" tag="648">
      <subfield code="a">Geschichte</subfield>
      <subfield code="9">rswk-swf</subfield>
      <subfield code="2">gnd</subfield>
    </datafield>
    <datafield ind1=" " ind2="7" tag="650">
      <subfield code="0">(DE-588)4000135-0</subfield>
      <subfield code="0">https://d-nb.info/gnd/4000135-0</subfield>
      <subfield code="0">(DE-101)040001350</subfield>
      <subfield code="a">Abgeordneter</subfield>
      <subfield code="9">rswk-swf</subfield>
      <subfield code="2">gnd</subfield>
    </datafield>
    <datafield ind1=" " ind2="7" tag="655">
      <subfield code="0">(DE-588)4067488-5</subfield>
      <subfield code="0">https://d-nb.info/gnd/4067488-5</subfield>
      <subfield code="0">(DE-101)040674886</subfield>
      <subfield code="a">Zeitschrift</subfield>
      <subfield code="2">gnd-content</subfield>
    </datafield>
    <datafield ind1=" " ind2="7" tag="655">
      <subfield code="0">(DE-588)4006804-3</subfield>
      <subfield code="0">https://d-nb.info/gnd/4006804-3</subfield>
      <subfield code="0">(DE-101)040068048</subfield>
      <subfield code="a">Biografie</subfield>
      <subfield code="2">gnd-content</subfield>
    </datafield>
    <datafield ind1=" " ind2="7" tag="655">
      <subfield code="a">Biographie</subfield>
      <subfield code="9">rswk-swf</subfield>
      <subfield code="2">gnd</subfield>
    </datafield>
    <datafield ind1=" " ind2="7" tag="655">
      <subfield code="a">Zeitschrift</subfield>
      <subfield code="9">rswk-swf</subfield>
      <subfield code="2">gnd</subfield>
    </datafield>
    <datafield ind1="0" ind2="0" tag="689">
      <subfield code="0">(DE-588)2029522-4</subfield>
      <subfield code="0">https://d-nb.info/gnd/2029522-4</subfield>
      <subfield code="0">(DE-101)004859995</subfield>
      <subfield code="D">b</subfield>
      <subfield code="a">Nordrhein-Westfalen</subfield>
      <subfield code="b">Landtag</subfield>
    </datafield>
    <datafield ind1="0" ind2="1" tag="689">
      <subfield code="0">(DE-588)4000135-0</subfield>
      <subfield code="0">https://d-nb.info/gnd/4000135-0</subfield>
      <subfield code="0">(DE-101)040001350</subfield>
      <subfield code="D">s</subfield>
      <subfield code="a">Abgeordneter</subfield>
    </datafield>
    <datafield ind1="0" ind2="2" tag="689">
      <subfield code="A">z</subfield>
      <subfield code="a">Geschichte</subfield>
    </datafield>
    <datafield ind1="0" ind2="3" tag="689">
      <subfield code="A">f</subfield>
      <subfield code="a">Biographie</subfield>
    </datafield>
    <datafield ind1="0" ind2=" " tag="689">
      <subfield code="5">DE-6</subfield>
      <subfield code="5">DE-605</subfield>
    </datafield>
    <datafield ind1="1" ind2="0" tag="689">
      <subfield code="0">(DE-588)2029522-4</subfield>
      <subfield code="0">https://d-nb.info/gnd/2029522-4</subfield>
      <subfield code="0">(DE-101)004859995</subfield>
      <subfield code="D">b</subfield>
      <subfield code="a">Nordrhein-Westfalen</subfield>
      <subfield code="b">Landtag</subfield>
    </datafield>
    <datafield ind1="1" ind2="1" tag="689">
      <subfield code="A">f</subfield>
      <subfield code="a">Zeitschrift</subfield>
    </datafield>
    <datafield ind1="1" ind2=" " tag="689">
      <subfield code="5">DE-6</subfield>
      <subfield code="5">DE-605</subfield>
    </datafield>
    <datafield ind1="1" ind2=" " tag="710">
      <subfield code="0">(DE-588)1214001734</subfield>
      <subfield code="0">https://d-nb.info/gnd/1214001734</subfield>
      <subfield code="0">(DE-101)1214001734</subfield>
      <subfield code="a">Nordrhein-Westfalen</subfield>
      <subfield code="b">Landtag</subfield>
      <subfield code="b">Präsident</subfield>
      <subfield code="e">Herausgebendes Organ</subfield>
      <subfield code="4">isb</subfield>
      <subfield code="2">gnd</subfield>
    </datafield>
    <datafield ind1="0" ind2="0" tag="780">
      <subfield code="i">Vorg.:</subfield>
      <subfield code="t">Handbuch des Landtags Nordrhein-Westfalen / 1. Band 1, Abgeordnete, Gremien und Organisation</subfield>
      <subfield code="d">Rheinbreitbach : NDV Neue Darmstädter Verlagsanstalt, 2005-2010</subfield>
      <subfield code="x">0550-7057</subfield>
      <subfield code="w">(DE-600)2209412-X</subfield>
      <subfield code="w">(DE-101)977021424</subfield>
    </datafield>
    <datafield ind1=" " ind2=" " tag="850">
      <subfield code="a">DE-101a</subfield>
      <subfield code="a">DE-101b</subfield>
    </datafield>
    <datafield ind1="r" ind2=" " tag="925">
      <subfield code="a">ra</subfield>
    </datafield>
    <datafield ind1=" " ind2=" " tag="930">
      <subfield code="a">Abgeordnete, Gremien und Organisation</subfield>
    </datafield>
  </record>

  <record type="Holdings">
    <leader>00000ny  a22000003n 4500</leader>
    <controlfield tag="001">263768384</controlfield>
    <controlfield tag="003">DE-101</controlfield>
    <controlfield tag="005">20210111101657.0</controlfield>
    <controlfield tag="008">130528||||||||||||||||ger|||||||</controlfield>
    <datafield ind1=" " ind2=" " tag="092">
      <subfield code="a">950200-2</subfield>
      <subfield code="d">101a</subfield>
      <subfield code="k">SAX</subfield>
      <subfield code="l">a</subfield>
      <subfield code="o">b</subfield>
    </datafield>
    <datafield ind1=" " ind2=" " tag="541">
      <subfield code="e">L-2012-263768384</subfield>
    </datafield>
    <datafield ind1=" " ind2=" " tag="852">
      <subfield code="8">1</subfield>
    </datafield>
    <datafield ind1=" " ind2="1" tag="852">
      <subfield code="c">Z 2006 A 460</subfield>
      <subfield code="9">00</subfield>
    </datafield>
    <datafield ind1=" " ind2=" " tag="852">
      <subfield code="a">DE-101a</subfield>
    </datafield>
    <datafield ind1="0" ind2="1" tag="859">
      <subfield code="8">1.1\x</subfield>
      <subfield code="a">16</subfield>
      <subfield code="i">2012/17</subfield>
    </datafield>
    <datafield ind1="3" ind2="0" tag="866">
      <subfield code="a">16.2012/17(2012) -</subfield>
    </datafield>
    <datafield ind1=" " ind2="0" tag="866">
      <subfield code="z">Ab 2021 Einzelheftnachweis</subfield>
    </datafield>
    <datafield ind1=" " ind2=" " tag="933">
      <subfield code="a">CC0</subfield>
    </datafield>
  </record>
  <record type="Holdings">
    <leader>00000ny  a22000003n 4500</leader>
    <controlfield tag="001">263689786</controlfield>
    <controlfield tag="003">DE-101</controlfield>
    <controlfield tag="005">20130529030453.0</controlfield>
    <controlfield tag="008">130528||||||||||||||||ger|||||||</controlfield>
    <datafield ind1=" " ind2=" " tag="092">
      <subfield code="a">600100-2</subfield>
      <subfield code="d">101b</subfield>
      <subfield code="k">HES</subfield>
      <subfield code="l">a</subfield>
      <subfield code="o">b</subfield>
    </datafield>
    <datafield ind1=" " ind2=" " tag="541">
      <subfield code="e">F-2012-263689786</subfield>
    </datafield>
    <datafield ind1=" " ind2=" " tag="852">
      <subfield code="8">1</subfield>
    </datafield>
    <datafield ind1=" " ind2="1" tag="852">
      <subfield code="c">Z 2006 A 460</subfield>
      <subfield code="9">00</subfield>
    </datafield>
    <datafield ind1=" " ind2=" " tag="852">
      <subfield code="a">DE-101b</subfield>
    </datafield>
    <datafield ind1="0" ind2="1" tag="859">
      <subfield code="8">1.1\x</subfield>
      <subfield code="a">16</subfield>
      <subfield code="i">2012/17</subfield>
    </datafield>
    <datafield ind1="3" ind2="0" tag="866">
      <subfield code="a">16.2012/17(2012) -</subfield>
    </datafield>
    <datafield ind1=" " ind2="0" tag="866">
      <subfield code="z">Ab 2021 Einzelheftnachweis</subfield>
    </datafield>
    <datafield ind1=" " ind2=" " tag="933">
      <subfield code="a">CC0</subfield>
    </datafield>
  </record>
  <record type="Holdings">
    <leader>00000ny  a22000003n 4500</leader>
    <controlfield tag="001">840283342</controlfield>
    <controlfield tag="003">DE-101</controlfield>
    <controlfield tag="005">20221012191013.0</controlfield>
    <controlfield tag="008">141203||||||||||||||||ger|||||||</controlfield>
    <datafield ind1=" " ind2=" " tag="035">
      <subfield code="a">(DE-601)1513092332</subfield>
    </datafield>
    <datafield ind1=" " ind2=" " tag="035">
      <subfield code="a">(DE-1a)731333454</subfield>
    </datafield>
    <datafield ind1=" " ind2=" " tag="092">
      <subfield code="a">101005-0</subfield>
      <subfield code="d">1a</subfield>
      <subfield code="k">BER</subfield>
      <subfield code="l">a</subfield>
      <subfield code="o">c</subfield>
    </datafield>
    <datafield ind1=" " ind2=" " tag="852">
      <subfield code="8">1</subfield>
    </datafield>
    <datafield ind1=" " ind2="1" tag="852">
      <subfield code="c">HB 7 Fn 4265</subfield>
      <subfield code="m">u</subfield>
      <subfield code="=">l</subfield>
      <subfield code="z">letzte Ausg.</subfield>
      <subfield code="9">00</subfield>
    </datafield>
    <datafield ind1=" " ind2="2" tag="852">
      <subfield code="b">Lesesaal</subfield>
      <subfield code="9">09</subfield>
    </datafield>
    <datafield ind1=" " ind2=" " tag="852">
      <subfield code="a">DE-1a</subfield>
    </datafield>
    <datafield ind1="0" ind2="1" tag="859">
      <subfield code="8">1.1\x</subfield>
      <subfield code="a">16</subfield>
      <subfield code="i">2012/17</subfield>
    </datafield>
    <datafield ind1="3" ind2="0" tag="866">
      <subfield code="9">Wahlper.</subfield>
    </datafield>
    <datafield ind1="3" ind2="0" tag="866">
      <subfield code="a">16.2012/17(2014) -</subfield>
    </datafield>
    <datafield ind1=" " ind2="0" tag="866">
      <subfield code="z">2.Aufl.</subfield>
    </datafield>
    <datafield ind1=" " ind2=" " tag="933">
      <subfield code="a">CC0</subfield>
    </datafield>
  </record>
  <record type="Holdings">
    <leader>00000ny  a22000003n 4500</leader>
    <controlfield tag="001">249686643</controlfield>
    <controlfield tag="003">DE-101</controlfield>
    <controlfield tag="005">20240301234507.0</controlfield>
    <controlfield tag="008">121127||||||||||||||||ger|||||||</controlfield>
    <datafield ind1=" " ind2=" " tag="035">
      <subfield code="a">(DE-605)22488769190006449</subfield>
    </datafield>
    <datafield ind1=" " ind2=" " tag="092">
      <subfield code="a">441300-3</subfield>
      <subfield code="d">6/A</subfield>
      <subfield code="k">NRW</subfield>
      <subfield code="l">a</subfield>
      <subfield code="o">c</subfield>
    </datafield>
    <datafield ind1=" " ind2=" " tag="852">
      <subfield code="8">1</subfield>
    </datafield>
    <datafield ind1=" " ind2="1" tag="852">
      <subfield code="c">Z 1188</subfield>
      <subfield code="9">00</subfield>
    </datafield>
    <datafield ind1=" " ind2=" " tag="852">
      <subfield code="a">DE-6-A</subfield>
    </datafield>
    <datafield ind1="0" ind2="1" tag="859">
      <subfield code="8">1.1\x</subfield>
      <subfield code="a">16</subfield>
      <subfield code="i">2012/17</subfield>
    </datafield>
    <datafield ind1="3" ind2="0" tag="866">
      <subfield code="a">Wahlper. 16.2012/17(2012) -</subfield>
    </datafield>
    <datafield ind1=" " ind2="0" tag="866">
      <subfield code="z">Nur jeweils neuester Jg. LS</subfield>
    </datafield>
    <datafield ind1=" " ind2=" " tag="933">
      <subfield code="a">CC0</subfield>
    </datafield>
  </record>
  <record type="Holdings">
    <leader>00000ny  a22000003n 4500</leader>
    <controlfield tag="001">819801046</controlfield>
    <controlfield tag="003">DE-101</controlfield>
    <controlfield tag="005">20220914181902.0</controlfield>
    <controlfield tag="008">130221||||||||||||||||ger|||||||</controlfield>
    <datafield ind1=" " ind2=" " tag="035">
      <subfield code="a">(DE-601)1367933420</subfield>
    </datafield>
    <datafield ind1=" " ind2=" " tag="035">
      <subfield code="a">(DE-7)731333454</subfield>
    </datafield>
    <datafield ind1=" " ind2=" " tag="092">
      <subfield code="a">341000-6</subfield>
      <subfield code="d">7</subfield>
      <subfield code="k">NIE</subfield>
      <subfield code="l">a</subfield>
      <subfield code="o">c</subfield>
    </datafield>
    <datafield ind1=" " ind2=" " tag="852">
      <subfield code="8">1</subfield>
    </datafield>
    <datafield ind1=" " ind2="1" tag="852">
      <subfield code="c">8 Z HIST 195</subfield>
      <subfield code="m">b</subfield>
      <subfield code="=">l</subfield>
      <subfield code="9">00</subfield>
    </datafield>
    <datafield ind1=" " ind2=" " tag="852">
      <subfield code="a">DE-7</subfield>
    </datafield>
    <datafield ind1="0" ind2="1" tag="859">
      <subfield code="8">1.1\x</subfield>
      <subfield code="a">16</subfield>
      <subfield code="i">2012/17</subfield>
    </datafield>
    <datafield ind1="3" ind2="0" tag="866">
      <subfield code="a">Wahlper. 16.2012/17(2012) -</subfield>
    </datafield>
    <datafield ind1=" " ind2="0" tag="866">
      <subfield code="z">Standort letzter Jahrgang: Lesesaal, 2. Obergeschoss, unter LS1: NKM 100:s = 8 Z HIST 195</subfield>
    </datafield>
    <datafield ind1=" " ind2=" " tag="933">
      <subfield code="a">CC0</subfield>
    </datafield>
  </record>
  <record type="Holdings">
    <leader>00000ny  a22000003n 4500</leader>
    <controlfield tag="001">1061336611</controlfield>
    <controlfield tag="003">DE-101</controlfield>
    <controlfield tag="005">20240215200431.0</controlfield>
    <controlfield tag="008">960101||||||||||||||||ger|||||||</controlfield>
    <datafield ind1=" " ind2=" " tag="035">
      <subfield code="a">(DE-601)193648172</subfield>
    </datafield>
    <datafield ind1=" " ind2=" " tag="035">
      <subfield code="a">(DE-8)731333454</subfield>
    </datafield>
    <datafield ind1=" " ind2=" " tag="092">
      <subfield code="a">231000-4</subfield>
      <subfield code="d">8</subfield>
      <subfield code="k">HAM</subfield>
      <subfield code="l">a</subfield>
      <subfield code="o">c</subfield>
    </datafield>
    <datafield ind1=" " ind2=" " tag="852">
      <subfield code="8">1</subfield>
    </datafield>
    <datafield ind1=" " ind2="1" tag="852">
      <subfield code="c">X 5677</subfield>
      <subfield code="m">u</subfield>
      <subfield code="=">l</subfield>
      <subfield code="9">00</subfield>
    </datafield>
    <datafield ind1=" " ind2="2" tag="852">
      <subfield code="b">16</subfield>
      <subfield code="9">09</subfield>
    </datafield>
    <datafield ind1=" " ind2=" " tag="852">
      <subfield code="a">DE-8</subfield>
    </datafield>
    <datafield ind1="0" ind2="0" tag="859">
      <subfield code="8">1.1\x</subfield>
      <subfield code="a">16</subfield>
      <subfield code="i">2012/17</subfield>
    </datafield>
    <datafield ind1="1" ind2="0" tag="859">
      <subfield code="8">1.2\x</subfield>
      <subfield code="a">17</subfield>
      <subfield code="i">2017/22</subfield>
    </datafield>
    <datafield ind1="3" ind2="0" tag="866">
      <subfield code="a">16.2012/17(2012) - 17.2017/22(2017)</subfield>
    </datafield>
    <datafield ind1=" " ind2="0" tag="866">
      <subfield code="z">*1. - Letzter Jg. 17. WP in Freihand (Hauptabt.) pol 557n</subfield>
    </datafield>
    <datafield ind1=" " ind2=" " tag="933">
      <subfield code="a">CC0</subfield>
    </datafield>
  </record>
  <record type="Holdings">
    <leader>00000ny  a22000003n 4500</leader>
    <controlfield tag="001">376649658</controlfield>
    <controlfield tag="003">DE-101</controlfield>
    <controlfield tag="005">20250412020100.0</controlfield>
    <controlfield tag="008">160809||||||||||||||||ger|||||||</controlfield>
    <datafield ind1=" " ind2=" " tag="035">
      <subfield code="a">(DE-600)376649658</subfield>
    </datafield>
    <datafield ind1=" " ind2=" " tag="035">
      <subfield code="a">(DE-604)221494504700007356</subfield>
    </datafield>
    <datafield ind1=" " ind2=" " tag="092">
      <subfield code="a">800100-5</subfield>
      <subfield code="d">12</subfield>
      <subfield code="k">BAY</subfield>
      <subfield code="l">a</subfield>
      <subfield code="o">c</subfield>
    </datafield>
    <datafield ind1=" " ind2=" " tag="852">
      <subfield code="8">A</subfield>
    </datafield>
    <datafield ind1=" " ind2="1" tag="852">
      <subfield code="c">Z 51.713</subfield>
      <subfield code="9">00</subfield>
    </datafield>
    <datafield ind1=" " ind2="2" tag="852">
      <subfield code="c">Hbl/513.190 = Neueste Ausg.</subfield>
      <subfield code="9">09</subfield>
    </datafield>
    <datafield ind1=" " ind2=" " tag="852">
      <subfield code="a">DE-12</subfield>
    </datafield>
    <datafield ind1="0" ind2="1" tag="859">
      <subfield code="8">1.1\x</subfield>
      <subfield code="a">16</subfield>
      <subfield code="i">2012/17</subfield>
    </datafield>
    <datafield ind1="3" ind2="0" tag="866">
      <subfield code="a">16.2012/17(2012) -</subfield>
    </datafield>
    <datafield ind1=" " ind2=" " tag="933">
      <subfield code="a">CC0</subfield>
    </datafield>
  </record>
  <record type="Holdings">
    <leader>00000ny  a22000003n 4500</leader>
    <controlfield tag="001">322535352</controlfield>
    <controlfield tag="003">DE-101</controlfield>
    <controlfield tag="005">20150428114725.0</controlfield>
    <controlfield tag="008">150428||||||||||||||||ger|||||||</controlfield>
    <datafield ind1=" " ind2=" " tag="092">
      <subfield code="a">781000-3</subfield>
      <subfield code="d">25</subfield>
      <subfield code="k">BAW</subfield>
      <subfield code="l">a</subfield>
      <subfield code="o">c</subfield>
      <subfield code="y">3ff</subfield>
    </datafield>
    <datafield ind1=" " ind2=" " tag="541">
      <subfield code="e">Z 0/405</subfield>
    </datafield>
    <datafield ind1=" " ind2=" " tag="852">
      <subfield code="8">1</subfield>
    </datafield>
    <datafield ind1=" " ind2="2" tag="852">
      <subfield code="b">Lesesaal:</subfield>
      <subfield code="c">LS: Gesch 396/1-1</subfield>
      <subfield code="9">09</subfield>
    </datafield>
    <datafield ind1=" " ind2=" " tag="852">
      <subfield code="a">DE-25</subfield>
    </datafield>
    <datafield ind1=" " ind2="0" tag="866">
      <subfield code="z">nur jeweils lfd. Wahlper. vorh.</subfield>
    </datafield>
    <datafield ind1=" " ind2=" " tag="933">
      <subfield code="a">CC0</subfield>
    </datafield>
  </record>
  <record type="Holdings">
    <leader>00000ny  a22000003n 4500</leader>
    <controlfield tag="001">252165721</controlfield>
    <controlfield tag="003">DE-101</controlfield>
    <controlfield tag="005">20230728160003.0</controlfield>
    <controlfield tag="008">130114||||||||||||||||ger|||||||</controlfield>
    <datafield ind1=" " ind2=" " tag="035">
      <subfield code="a">(DE-605)22302497090006443</subfield>
    </datafield>
    <datafield ind1=" " ind2=" " tag="092">
      <subfield code="a">401000-0</subfield>
      <subfield code="d">61</subfield>
      <subfield code="k">NRW</subfield>
      <subfield code="l">a</subfield>
      <subfield code="o">b</subfield>
    </datafield>
    <datafield ind1=" " ind2=" " tag="852">
      <subfield code="8">1</subfield>
    </datafield>
    <datafield ind1=" " ind2="1" tag="852">
      <subfield code="c">jur p 354 h 236</subfield>
      <subfield code="9">00</subfield>
    </datafield>
    <datafield ind1=" " ind2="2" tag="852">
      <subfield code="b">81</subfield>
      <subfield code="9">09</subfield>
    </datafield>
    <datafield ind1=" " ind2=" " tag="852">
      <subfield code="a">DE-61</subfield>
    </datafield>
    <datafield ind1="0" ind2="1" tag="859">
      <subfield code="8">1.1\x</subfield>
      <subfield code="a">16</subfield>
      <subfield code="i">2012/17</subfield>
    </datafield>
    <datafield ind1="3" ind2="0" tag="866">
      <subfield code="a">16.2012/17(2012) -</subfield>
    </datafield>
    <datafield ind1=" " ind2=" " tag="933">
      <subfield code="a">CC0</subfield>
    </datafield>
  </record>
  <record type="Holdings">
    <leader>00000ny  a22000003n 4500</leader>
    <controlfield tag="001">252479203</controlfield>
    <controlfield tag="003">DE-101</controlfield>
    <controlfield tag="005">20240729120222.0</controlfield>
    <controlfield tag="008">240719||||||||||||||||ger|||||||</controlfield>
    <datafield ind1=" " ind2=" " tag="035">
      <subfield code="a">(DE-605)22340691060006448</subfield>
    </datafield>
    <datafield ind1=" " ind2=" " tag="092">
      <subfield code="a">511000-2</subfield>
      <subfield code="d">82</subfield>
      <subfield code="k">NRW</subfield>
      <subfield code="l">a</subfield>
      <subfield code="o">c</subfield>
    </datafield>
    <datafield ind1=" " ind2=" " tag="852">
      <subfield code="8">1</subfield>
    </datafield>
    <datafield ind1=" " ind2="1" tag="852">
      <subfield code="c">Einzelsign.</subfield>
      <subfield code="9">00</subfield>
    </datafield>
    <datafield ind1=" " ind2=" " tag="852">
      <subfield code="a">DE-82</subfield>
    </datafield>
    <datafield ind1="0" ind2="1" tag="859">
      <subfield code="8">1.1\x</subfield>
      <subfield code="a">16</subfield>
      <subfield code="i">2012/17</subfield>
    </datafield>
    <datafield ind1="3" ind2="0" tag="866">
      <subfield code="a">16.2012/17(2012) -</subfield>
    </datafield>
    <datafield ind1=" " ind2=" " tag="933">
      <subfield code="a">CC0</subfield>
    </datafield>
  </record>
  <record type="Holdings">
    <leader>00000ny  a22000003n 4500</leader>
    <controlfield tag="001">252407113</controlfield>
    <controlfield tag="003">DE-101</controlfield>
    <controlfield tag="005">20220316125518.0</controlfield>
    <controlfield tag="008">130117||||||||||||||||ger|||||||</controlfield>
    <datafield ind1=" " ind2=" " tag="092">
      <subfield code="a">540100-8</subfield>
      <subfield code="d">929</subfield>
      <subfield code="k">NRW</subfield>
      <subfield code="l">a</subfield>
      <subfield code="o">c</subfield>
    </datafield>
    <datafield ind1=" " ind2=" " tag="852">
      <subfield code="8">1</subfield>
    </datafield>
    <datafield ind1=" " ind2="1" tag="852">
      <subfield code="c">Z 4071</subfield>
      <subfield code="9">00</subfield>
    </datafield>
    <datafield ind1=" " ind2="2" tag="852">
      <subfield code="b">Neueste Ausg. Lesesaal 1. OG</subfield>
      <subfield code="c">Präsenz = 615/H/HAN-05</subfield>
      <subfield code="9">09</subfield>
    </datafield>
    <datafield ind1=" " ind2=" " tag="852">
      <subfield code="a">DE-929</subfield>
    </datafield>
    <datafield ind1="0" ind2="1" tag="859">
      <subfield code="8">1.1\x</subfield>
      <subfield code="a">16</subfield>
      <subfield code="i">2012/17</subfield>
    </datafield>
    <datafield ind1="3" ind2="0" tag="866">
      <subfield code="a">16.2012/17(2012) -</subfield>
    </datafield>
    <datafield ind1=" " ind2=" " tag="933">
      <subfield code="a">CC0</subfield>
    </datafield>
  </record>
  <record type="Holdings">
    <leader>00000ny  a22000003n 4500</leader>
    <controlfield tag="001">1005714045</controlfield>
    <controlfield tag="003">DE-101</controlfield>
    <controlfield tag="005">20250422170150.0</controlfield>
    <controlfield tag="008">230725||||||||||||||||ger|||||||</controlfield>
    <datafield ind1=" " ind2=" " tag="092">
      <subfield code="a">538133-2</subfield>
      <subfield code="d">Bo 133</subfield>
      <subfield code="k">NRW</subfield>
      <subfield code="l">a</subfield>
      <subfield code="o">c</subfield>
    </datafield>
    <datafield ind1=" " ind2=" " tag="852">
      <subfield code="8">1</subfield>
    </datafield>
    <datafield ind1=" " ind2="1" tag="852">
      <subfield code="c">X 4018</subfield>
      <subfield code="9">00</subfield>
    </datafield>
    <datafield ind1=" " ind2=" " tag="852">
      <subfield code="a">DE-Bo133</subfield>
    </datafield>
    <datafield ind1="0" ind2="0" tag="859">
      <subfield code="8">1.1\x</subfield>
      <subfield code="a">18</subfield>
      <subfield code="i">2022/2027</subfield>
    </datafield>
    <datafield ind1="3" ind2="0" tag="866">
      <subfield code="a">18.2022/2027(2023)</subfield>
    </datafield>
    <datafield ind1=" " ind2=" " tag="933">
      <subfield code="a">CC0</subfield>
    </datafield>
  </record>
  <record type="Holdings">
    <leader>00000ny  a22000003n 4500</leader>
    <controlfield tag="001">277475708</controlfield>
    <controlfield tag="003">DE-101</controlfield>
    <controlfield tag="005">20131128150620.0</controlfield>
    <controlfield tag="008">131128||||||||||||||||ger|||||||</controlfield>
    <datafield ind1=" " ind2=" " tag="092">
      <subfield code="a">508028-9</subfield>
      <subfield code="d">Kn 28</subfield>
      <subfield code="k">NRW</subfield>
      <subfield code="l">a</subfield>
      <subfield code="o">c</subfield>
    </datafield>
    <datafield ind1=" " ind2=" " tag="852">
      <subfield code="8">1</subfield>
    </datafield>
    <datafield ind1=" " ind2="1" tag="852">
      <subfield code="c">Zb 0633</subfield>
      <subfield code="9">00</subfield>
    </datafield>
    <datafield ind1=" " ind2="2" tag="852">
      <subfield code="b">LS:</subfield>
      <subfield code="c">LAi 0131</subfield>
      <subfield code="9">09</subfield>
    </datafield>
    <datafield ind1=" " ind2=" " tag="852">
      <subfield code="a">DE-Kn28</subfield>
    </datafield>
    <datafield ind1="0" ind2="1" tag="859">
      <subfield code="8">1.1\x</subfield>
      <subfield code="a">16</subfield>
      <subfield code="i">2012/17</subfield>
    </datafield>
    <datafield ind1="3" ind2="0" tag="866">
      <subfield code="9">Wahlper.</subfield>
    </datafield>
    <datafield ind1="3" ind2="0" tag="866">
      <subfield code="a">16.2012/17(2012) -</subfield>
    </datafield>
    <datafield ind1=" " ind2=" " tag="933">
      <subfield code="a">CC0</subfield>
    </datafield>
  </record>
  <record type="Holdings">
    <leader>00000ny  a22000003n 4500</leader>
    <controlfield tag="001">304798088</controlfield>
    <controlfield tag="003">DE-101</controlfield>
    <controlfield tag="005">20141121111200.0</controlfield>
    <controlfield tag="008">141121||||||||||||||||ger|||||||</controlfield>
    <datafield ind1=" " ind2=" " tag="092">
      <subfield code="a">675100-3</subfield>
      <subfield code="d">Sp 3</subfield>
      <subfield code="k">BAW</subfield>
      <subfield code="l">b</subfield>
      <subfield code="o">d</subfield>
    </datafield>
    <datafield ind1=" " ind2=" " tag="852">
      <subfield code="8">1</subfield>
    </datafield>
    <datafield ind1=" " ind2="1" tag="852">
      <subfield code="c">N 6059</subfield>
      <subfield code="9">00</subfield>
    </datafield>
    <datafield ind1=" " ind2="2" tag="852">
      <subfield code="b">A XII 59</subfield>
      <subfield code="9">09</subfield>
    </datafield>
    <datafield ind1=" " ind2=" " tag="852">
      <subfield code="a">DE-Sp3</subfield>
    </datafield>
    <datafield ind1="0" ind2="1" tag="859">
      <subfield code="8">1.1\x</subfield>
      <subfield code="a">16</subfield>
      <subfield code="i">2012/17</subfield>
    </datafield>
    <datafield ind1="3" ind2="0" tag="866">
      <subfield code="a">Wahlper. 16.2012/17(2014)=2.Aufl. -</subfield>
    </datafield>
    <datafield ind1=" " ind2="0" tag="866">
      <subfield code="z">Präsenzbestand. - Neueste Ausg. Standort Lesesaal. -</subfield>
    </datafield>
    <datafield ind1=" " ind2=" " tag="933">
      <subfield code="a">CC0</subfield>
    </datafield>
  </record>
  <record type="Holdings">
    <leader>00000ny  a22000003n 4500</leader>
    <controlfield tag="001">619794542</controlfield>
    <controlfield tag="003">DE-101</controlfield>
    <controlfield tag="005">20190506095711.0</controlfield>
    <controlfield tag="008">190506||||||||||||||||ger|||||||</controlfield>
    <datafield ind1=" " ind2=" " tag="092">
      <subfield code="a">438001-0</subfield>
      <subfield code="d">Bm 3</subfield>
      <subfield code="k">NRW</subfield>
      <subfield code="l">a</subfield>
      <subfield code="o">c</subfield>
    </datafield>
    <datafield ind1=" " ind2=" " tag="852">
      <subfield code="8">1</subfield>
    </datafield>
    <datafield ind1=" " ind2="1" tag="852">
      <subfield code="c"> 45 018</subfield>
      <subfield code="9">00</subfield>
    </datafield>
    <datafield ind1=" " ind2=" " tag="852">
      <subfield code="a">DE-Bm3</subfield>
    </datafield>
    <datafield ind1="0" ind2="1" tag="859">
      <subfield code="8">1.1\x</subfield>
      <subfield code="a">16</subfield>
      <subfield code="i">2012/17</subfield>
    </datafield>
    <datafield ind1="3" ind2="0" tag="866">
      <subfield code="a">16.2012/17(2012) -</subfield>
    </datafield>
    <datafield ind1=" " ind2=" " tag="933">
      <subfield code="a">CC0</subfield>
    </datafield>
  </record>
  <record type="Holdings">
    <leader>00000ny  a22000003n 4500</leader>
    <controlfield tag="001">1026217237</controlfield>
    <controlfield tag="003">DE-101</controlfield>
    <controlfield tag="005">20231012090030.0</controlfield>
    <controlfield tag="008">231012||||||||||||||||ger|||||||</controlfield>
    <datafield ind1=" " ind2=" " tag="092">
      <subfield code="a">568101-7</subfield>
      <subfield code="d">Sol 1</subfield>
      <subfield code="k">NRW</subfield>
      <subfield code="l">b</subfield>
      <subfield code="o">d</subfield>
      <subfield code="y">wk</subfield>
    </datafield>
    <datafield ind1=" " ind2="1" tag="852">
      <subfield code="c">KA 2061</subfield>
      <subfield code="9">00</subfield>
    </datafield>
    <datafield ind1=" " ind2=" " tag="852">
      <subfield code="a">DE-Sol1</subfield>
    </datafield>
    <datafield ind1="0" ind2="0" tag="859">
      <subfield code="8">1.1\x</subfield>
      <subfield code="a">16</subfield>
      <subfield code="i">2012/17</subfield>
    </datafield>
    <datafield ind1="3" ind2="0" tag="866">
      <subfield code="a">Wahlper. 16. 2012/17(2014)=2. Aufl.</subfield>
    </datafield>
    <datafield ind1=" " ind2=" " tag="933">
      <subfield code="a">CC0</subfield>
    </datafield>
  </record>
  <record type="Holdings">
    <leader>00000ny  a22000003n 4500</leader>
    <controlfield tag="001">819801054</controlfield>
    <controlfield tag="003">DE-101</controlfield>
    <controlfield tag="005">20241113213237.0</controlfield>
    <controlfield tag="008">121228||||||||||||||||ger|||||||</controlfield>
    <datafield ind1=" " ind2=" " tag="035">
      <subfield code="a">(DE-601)1349610933</subfield>
    </datafield>
    <datafield ind1=" " ind2=" " tag="035">
      <subfield code="a">(DE-Hv14)731333454</subfield>
    </datafield>
    <datafield ind1=" " ind2=" " tag="092">
      <subfield code="a">308014-6</subfield>
      <subfield code="d">Hv 14</subfield>
      <subfield code="k">NIE</subfield>
      <subfield code="l">a</subfield>
      <subfield code="o">b</subfield>
    </datafield>
    <datafield ind1=" " ind2=" " tag="852">
      <subfield code="8">1</subfield>
    </datafield>
    <datafield ind1=" " ind2="1" tag="852">
      <subfield code="c">Zs 413</subfield>
      <subfield code="m">s</subfield>
      <subfield code="=">k</subfield>
      <subfield code="9">00</subfield>
    </datafield>
    <datafield ind1=" " ind2=" " tag="852">
      <subfield code="a">DE-Hv14</subfield>
    </datafield>
    <datafield ind1="0" ind2="1" tag="859">
      <subfield code="8">1.1\x</subfield>
      <subfield code="a">16</subfield>
      <subfield code="i">2012/17</subfield>
    </datafield>
    <datafield ind1="3" ind2="0" tag="866">
      <subfield code="a">Wahlperiode 16.2012/17(2012) -</subfield>
    </datafield>
    <datafield ind1=" " ind2="0" tag="866">
      <subfield code="z">Neueste Ausg. LS: DC 339</subfield>
    </datafield>
    <datafield ind1=" " ind2=" " tag="933">
      <subfield code="a">CC0</subfield>
    </datafield>
  </record>
</collection></recordData><recordPosition>10</recordPosition></record>