<record><recordSchema>MARC21plus-xml</recordSchema><recordPacking>xml</recordPacking><recordData><collection xmlns="http://www.loc.gov/MARC21/slim">
  <record type="Bibliographic">
    <leader>00000nas a2200000 c 4500</leader>
    <controlfield tag="001">987884999</controlfield>
    <controlfield tag="003">DE-101</controlfield>
    <controlfield tag="005">20171201121153.0</controlfield>
    <controlfield tag="007">tu</controlfield>
    <controlfield tag="008">080311d20002004gw u||p|  ||| 0||||1ger c</controlfield>
    <datafield ind1="7" ind2=" " tag="016">
      <subfield code="2">DE-600</subfield>
      <subfield code="a">2415244-4</subfield>
    </datafield>
    <datafield ind1="7" ind2=" " tag="016">
      <subfield code="2">DE-101</subfield>
      <subfield code="a">987884999</subfield>
    </datafield>
    <datafield ind1=" " ind2=" " tag="035">
      <subfield code="a">(DE-599)ZDB2415244-4</subfield>
    </datafield>
    <datafield ind1=" " ind2=" " tag="035">
      <subfield code="a">(OCoLC)723618522</subfield>
    </datafield>
    <datafield ind1=" " ind2=" " tag="040">
      <subfield code="a">4013</subfield>
      <subfield code="b">ger</subfield>
      <subfield code="c">DE-101</subfield>
      <subfield code="d">9999</subfield>
    </datafield>
    <datafield ind1=" " ind2=" " tag="041">
      <subfield code="a">ger</subfield>
    </datafield>
    <datafield ind1=" " ind2=" " tag="042">
      <subfield code="a">zdb</subfield>
    </datafield>
    <datafield ind1=" " ind2=" " tag="044">
      <subfield code="c">XA-DE</subfield>
    </datafield>
    <datafield ind1="7" ind2="4" tag="082">
      <subfield code="a">300</subfield>
      <subfield code="q">DE-101</subfield>
      <subfield code="2">22sdnb</subfield>
    </datafield>
    <datafield ind1="7" ind2=" " tag="083">
      <subfield code="a">330</subfield>
      <subfield code="a">360</subfield>
      <subfield code="q">DE-600</subfield>
      <subfield code="2">22sdnb</subfield>
    </datafield>
    <datafield ind1="0" ind2="0" tag="245">
      <subfield code="a">Zuwanderung und Integration in Nordrhein-Westfalen</subfield>
      <subfield code="b">... Bericht der Landesregierung</subfield>
      <subfield code="c">Ministerium für Gesundheit, Soziales, Frauen und Familie des Landes Nordrhein-Westfalen</subfield>
    </datafield>
    <datafield ind1="0" ind2="0" tag="247">
      <subfield code="a">Zuwanderung und Integration in NRW</subfield>
      <subfield code="f">Hauptsacht. 2.2000</subfield>
    </datafield>
    <datafield ind1="0" ind2="0" tag="247">
      <subfield code="a">Bericht der Interministeriellen Arbeitsgruppe "Zuwanderung" der Landesregierung</subfield>
      <subfield code="f">Zusatz 2.2000</subfield>
    </datafield>
    <datafield ind1="3" ind2="1" tag="264">
      <subfield code="a">Düsseldorf</subfield>
      <subfield code="b">Ministerium für Gesundheit, Soziales, Frauen und Familie</subfield>
      <subfield code="c">2000-2004</subfield>
    </datafield>
    <datafield ind1="2" ind2="1" tag="264">
      <subfield code="3">2000</subfield>
      <subfield code="a">Düsseldorf</subfield>
      <subfield code="b">Ministerium für Arbeit und Soziales, Qualifikation und Technologie</subfield>
    </datafield>
    <datafield ind1=" " ind2=" " tag="336">
      <subfield code="a">Text</subfield>
      <subfield code="b">txt</subfield>
      <subfield code="2">rdacontent</subfield>
    </datafield>
    <datafield ind1=" " ind2=" " tag="337">
      <subfield code="a">ohne Hilfsmittel zu benutzen</subfield>
      <subfield code="b">n</subfield>
      <subfield code="2">rdamedia</subfield>
    </datafield>
    <datafield ind1=" " ind2=" " tag="338">
      <subfield code="a">Band</subfield>
      <subfield code="b">nc</subfield>
      <subfield code="2">rdacarrier</subfield>
    </datafield>
    <datafield ind1="0" ind2=" " tag="362">
      <subfield code="a">2.2000 - 3.2004</subfield>
    </datafield>
    <datafield ind1="0" ind2="0" tag="363">
      <subfield code="8">1.1\x</subfield>
      <subfield code="i">2000</subfield>
    </datafield>
    <datafield ind1="1" ind2="0" tag="363">
      <subfield code="8">1.2\x</subfield>
      <subfield code="i">2004</subfield>
    </datafield>
    <datafield ind1=" " ind2=" " tag="550">
      <subfield code="a">Beteil. Körp. 2.2000: Ministerium für Arbeit und Soziales, Qualifikation und Technologie des Landes Nordrhein-Westfalen</subfield>
    </datafield>
    <datafield ind1=" " ind2=" " tag="591">
      <subfield code="a">Zählung teilw. im Vorwort, 101a!(04-06-09)</subfield>
    </datafield>
    <datafield ind1=" " ind2="7" tag="655">
      <subfield code="0">(DE-588)4067488-5</subfield>
      <subfield code="0">https://d-nb.info/gnd/4067488-5</subfield>
      <subfield code="0">(DE-101)040674886</subfield>
      <subfield code="a">Zeitschrift</subfield>
      <subfield code="2">gnd-content</subfield>
    </datafield>
    <datafield ind1="1" ind2=" " tag="710">
      <subfield code="0">(DE-588)2029490-6</subfield>
      <subfield code="0">https://d-nb.info/gnd/2029490-6</subfield>
      <subfield code="0">(DE-101)004859715</subfield>
      <subfield code="a">Nordrhein-Westfalen</subfield>
      <subfield code="b">Landesregierung</subfield>
      <subfield code="e">Herausgebendes Organ</subfield>
      <subfield code="4">isb</subfield>
      <subfield code="2">gnd</subfield>
    </datafield>
    <datafield ind1="1" ind2=" " tag="710">
      <subfield code="0">(DE-588)10053222-6</subfield>
      <subfield code="0">https://d-nb.info/gnd/10053222-6</subfield>
      <subfield code="0">(DE-101)967479746</subfield>
      <subfield code="a">Nordrhein-Westfalen</subfield>
      <subfield code="b">Ministerium für Gesundheit, Soziales, Frauen und Familie</subfield>
      <subfield code="e">Herausgebendes Organ</subfield>
      <subfield code="4">isb</subfield>
      <subfield code="2">gnd</subfield>
    </datafield>
    <datafield ind1="1" ind2=" " tag="710">
      <subfield code="0">(DE-588)10014424-X</subfield>
      <subfield code="0">https://d-nb.info/gnd/10014424-X</subfield>
      <subfield code="0">(DE-101)96052407X</subfield>
      <subfield code="a">Nordrhein-Westfalen</subfield>
      <subfield code="b">Ministerium für Arbeit und Soziales, Qualifikation und Technologie</subfield>
      <subfield code="e">Herausgebendes Organ</subfield>
      <subfield code="4">isb</subfield>
      <subfield code="2">gnd</subfield>
    </datafield>
    <datafield ind1="1" ind2=" " tag="710">
      <subfield code="0">(DE-588)10166928-8</subfield>
      <subfield code="0">https://d-nb.info/gnd/10166928-8</subfield>
      <subfield code="0">(DE-101)983866635</subfield>
      <subfield code="a">Nordrhein-Westfalen</subfield>
      <subfield code="b">Interministerielle Arbeitsgruppe Zuwanderung</subfield>
      <subfield code="e">Herausgebendes Organ</subfield>
      <subfield code="4">isb</subfield>
      <subfield code="2">gnd</subfield>
    </datafield>
    <datafield ind1="0" ind2="0" tag="780">
      <subfield code="i">Vorg.:</subfield>
      <subfield code="t">Zuwanderung in Nordrhein-Westfalen</subfield>
      <subfield code="d">Düsseldorf : Ministerium für Arbeit, Gesundheit und Soziales, 1995-1995</subfield>
      <subfield code="w">(DE-600)2419628-9</subfield>
      <subfield code="w">(DE-101)988186713</subfield>
    </datafield>
    <datafield ind1="0" ind2="0" tag="785">
      <subfield code="i">Forts.:</subfield>
      <subfield code="t">Nordrhein-Westfalen: Land der neuen Integrationschancen</subfield>
      <subfield code="d">Düsseldorf : Ministerium für Generationen, Familie, Frauen u. Integration d. Landes Nordrhein-Westfalen, Referat Kommunikation, [2008]-</subfield>
      <subfield code="w">(DE-600)2462612-0</subfield>
      <subfield code="w">(DE-101)991097750</subfield>
    </datafield>
    <datafield ind1=" " ind2=" " tag="850">
      <subfield code="a">DE-101a</subfield>
      <subfield code="a">DE-101b</subfield>
    </datafield>
    <datafield ind1=" " ind2=" " tag="889">
      <subfield code="w">(DE-101)976100029</subfield>
    </datafield>
  </record>

  <record type="Holdings">
    <leader>00000ny  a22000003n 4500</leader>
    <controlfield tag="001">156635739</controlfield>
    <controlfield tag="003">DE-101</controlfield>
    <controlfield tag="005">20091021123115.0</controlfield>
    <controlfield tag="008">090603||||||||||||||||ger|||||||</controlfield>
    <datafield ind1=" " ind2=" " tag="092">
      <subfield code="a">950200-2</subfield>
      <subfield code="d">101a</subfield>
      <subfield code="k">SAX</subfield>
      <subfield code="l">a</subfield>
      <subfield code="o">b</subfield>
    </datafield>
    <datafield ind1=" " ind2=" " tag="541">
      <subfield code="e">L-2000-156635739</subfield>
    </datafield>
    <datafield ind1=" " ind2=" " tag="852">
      <subfield code="8">1</subfield>
    </datafield>
    <datafield ind1=" " ind2="1" tag="852">
      <subfield code="c">2005 B 27597</subfield>
      <subfield code="9">00</subfield>
    </datafield>
    <datafield ind1=" " ind2=" " tag="852">
      <subfield code="a">DE-101a</subfield>
    </datafield>
    <datafield ind1="0" ind2="0" tag="859">
      <subfield code="8">1.1\x</subfield>
      <subfield code="a">3</subfield>
      <subfield code="i">2004</subfield>
    </datafield>
    <datafield ind1="3" ind2="0" tag="866">
      <subfield code="a">3.2004</subfield>
    </datafield>
    <datafield ind1=" " ind2=" " tag="933">
      <subfield code="a">CC0</subfield>
    </datafield>
  </record>
  <record type="Holdings">
    <leader>00000ny  a22000003n 4500</leader>
    <controlfield tag="001">156635801</controlfield>
    <controlfield tag="003">DE-101</controlfield>
    <controlfield tag="005">20190719210636.0</controlfield>
    <controlfield tag="008">090603||||||||||||||||ger|||||||</controlfield>
    <datafield ind1=" " ind2=" " tag="092">
      <subfield code="a">600100-2</subfield>
      <subfield code="d">101b</subfield>
      <subfield code="k">HES</subfield>
      <subfield code="l">a</subfield>
      <subfield code="o">b</subfield>
    </datafield>
    <datafield ind1=" " ind2=" " tag="541">
      <subfield code="e">F-2000-156635801</subfield>
    </datafield>
    <datafield ind1=" " ind2=" " tag="852">
      <subfield code="8">1</subfield>
    </datafield>
    <datafield ind1=" " ind2="1" tag="852">
      <subfield code="c">2005 B 26324</subfield>
      <subfield code="9">00</subfield>
    </datafield>
    <datafield ind1=" " ind2=" " tag="852">
      <subfield code="a">DE-101b</subfield>
    </datafield>
    <datafield ind1="0" ind2="0" tag="859">
      <subfield code="8">1.1\x</subfield>
      <subfield code="a">3</subfield>
      <subfield code="i">2004</subfield>
    </datafield>
    <datafield ind1="3" ind2="0" tag="866">
      <subfield code="a">3.2004</subfield>
    </datafield>
    <datafield ind1=" " ind2=" " tag="933">
      <subfield code="a">CC0</subfield>
    </datafield>
  </record>
  <record type="Holdings">
    <leader>00000ny  a22000003n 4500</leader>
    <controlfield tag="001">216445256</controlfield>
    <controlfield tag="003">DE-101</controlfield>
    <controlfield tag="005">20240302021923.0</controlfield>
    <controlfield tag="008">111115||||||||||||||||ger|||||||</controlfield>
    <datafield ind1=" " ind2=" " tag="035">
      <subfield code="a">(DE-605)22514593590006449</subfield>
    </datafield>
    <datafield ind1=" " ind2=" " tag="092">
      <subfield code="a">441300-3</subfield>
      <subfield code="d">6/A</subfield>
      <subfield code="k">NRW</subfield>
      <subfield code="l">a</subfield>
      <subfield code="o">c</subfield>
    </datafield>
    <datafield ind1=" " ind2=" " tag="852">
      <subfield code="8">1</subfield>
    </datafield>
    <datafield ind1=" " ind2="1" tag="852">
      <subfield code="c">Z 982</subfield>
      <subfield code="9">00</subfield>
    </datafield>
    <datafield ind1=" " ind2=" " tag="852">
      <subfield code="a">DE-6-A</subfield>
    </datafield>
    <datafield ind1="0" ind2="0" tag="859">
      <subfield code="8">1.1\x</subfield>
      <subfield code="a">2</subfield>
      <subfield code="i">2000</subfield>
    </datafield>
    <datafield ind1="1" ind2="0" tag="859">
      <subfield code="8">1.2\x</subfield>
      <subfield code="a">3</subfield>
      <subfield code="i">2004</subfield>
    </datafield>
    <datafield ind1="3" ind2="0" tag="866">
      <subfield code="a">2.2000 - 3.2004</subfield>
    </datafield>
    <datafield ind1=" " ind2=" " tag="933">
      <subfield code="a">CC0</subfield>
    </datafield>
  </record>
  <record type="Holdings">
    <leader>00000ny  a22000003n 4500</leader>
    <controlfield tag="001">246846089</controlfield>
    <controlfield tag="003">DE-101</controlfield>
    <controlfield tag="005">20121031030614.0</controlfield>
    <controlfield tag="008">080311||||||||||||||||ger|||||||</controlfield>
    <datafield ind1=" " ind2=" " tag="092">
      <subfield code="a">170100-9</subfield>
      <subfield code="d">109</subfield>
      <subfield code="k">BER</subfield>
      <subfield code="l">a</subfield>
      <subfield code="o">b</subfield>
      <subfield code="y">1</subfield>
    </datafield>
    <datafield ind1=" " ind2=" " tag="852">
      <subfield code="8">1</subfield>
    </datafield>
    <datafield ind1=" " ind2="1" tag="852">
      <subfield code="c">Zs 7695</subfield>
      <subfield code="9">00</subfield>
    </datafield>
    <datafield ind1=" " ind2="2" tag="852">
      <subfield code="b">BStB</subfield>
      <subfield code="9">09</subfield>
    </datafield>
    <datafield ind1=" " ind2=" " tag="852">
      <subfield code="a">DE-109</subfield>
    </datafield>
    <datafield ind1="0" ind2="0" tag="859">
      <subfield code="8">1.1\x</subfield>
      <subfield code="a">2</subfield>
      <subfield code="i">2000</subfield>
    </datafield>
    <datafield ind1="1" ind2="0" tag="859">
      <subfield code="8">1.2\x</subfield>
      <subfield code="a">3</subfield>
      <subfield code="i">2004</subfield>
    </datafield>
    <datafield ind1="3" ind2="0" tag="866">
      <subfield code="a">2.2000 - 3.2004</subfield>
    </datafield>
    <datafield ind1=" " ind2=" " tag="933">
      <subfield code="a">CC0</subfield>
    </datafield>
  </record>
  <record type="Holdings">
    <leader>00000ny  a22000003n 4500</leader>
    <controlfield tag="001">1026173833</controlfield>
    <controlfield tag="003">DE-101</controlfield>
    <controlfield tag="005">20231012073012.0</controlfield>
    <controlfield tag="008">231012||||||||||||||||ger|||||||</controlfield>
    <datafield ind1=" " ind2=" " tag="092">
      <subfield code="a">568101-7</subfield>
      <subfield code="d">Sol 1</subfield>
      <subfield code="k">NRW</subfield>
      <subfield code="l">b</subfield>
      <subfield code="o">d</subfield>
      <subfield code="y">wk</subfield>
    </datafield>
    <datafield ind1=" " ind2="1" tag="852">
      <subfield code="c">III Z 3017</subfield>
      <subfield code="9">00</subfield>
    </datafield>
    <datafield ind1=" " ind2=" " tag="852">
      <subfield code="a">DE-Sol1</subfield>
    </datafield>
    <datafield ind1="0" ind2="0" tag="859">
      <subfield code="8">1.1\x</subfield>
      <subfield code="a">2</subfield>
      <subfield code="i">2000</subfield>
    </datafield>
    <datafield ind1="1" ind2="0" tag="859">
      <subfield code="8">1.2\x</subfield>
      <subfield code="a">3</subfield>
      <subfield code="i">2004</subfield>
    </datafield>
    <datafield ind1="3" ind2="0" tag="866">
      <subfield code="a">2.2000 - 3.2004</subfield>
    </datafield>
    <datafield ind1=" " ind2=" " tag="933">
      <subfield code="a">CC0</subfield>
    </datafield>
  </record>
</collection></recordData><recordPosition>15</recordPosition></record>