</records><nextRecordPosition>16</nextRecordPosition><echoedSearchRetrieveRequest><version>1.1</version><query>dnb.isil=DE-Sol1</query><xQuery xmlns:xsi="http://www.w3.org/2001/XMLSchema-instance" xsi:nil="true"/><startRecord>11</startRecord><maximumRecords>5</maximumRecords><recordSchema>MARC21plus-xml</recordSchema></echoedSearchRetrieveRequest></searchRetrieveResponse>


<searchRetrieveResponse xmlns="http://www.loc.gov/zing/srw/"><version>1.1</version><numberOfRecords>3032</numberOfRecords><records><record><recordSchema>MARC21plus-xml</recordSchema><recordPacking>xml</recordPacking><recordData><collection xmlns="http://www.loc.gov/MARC21/slim">
  <record type="Bibliographic">
    <leader>00000nas a2200000 c 4500</leader>
    <controlfield tag="001">98935220X</controlfield>
    <controlfield tag="003">DE-101</controlfield>
    <controlfield tag="005">20230425135804.0</controlfield>
    <controlfield tag="007">tu</controlfield>
    <controlfield tag="008">080625c20029999|||u||p|  ||| 0||||1||| c</controlfield>
    <datafield ind1="7" ind2=" " tag="016">
      <subfield code="2">DE-600</subfield>
      <subfield code="a">2434063-7</subfield>
    </datafield>
    <datafield ind1="7" ind2=" " tag="016">
      <subfield code="2">DE-101</subfield>
      <subfield code="a">98935220X</subfield>
    </datafield>
    <datafield ind1=" " ind2=" " tag="035">
      <subfield code="a">(DE-599)ZDB2434063-7</subfield>
    </datafield>
    <datafield ind1=" " ind2=" " tag="035">
      <subfield code="a">(OCoLC)724005388</subfield>
    </datafield>
    <datafield ind1=" " ind2=" " tag="040">
      <subfield code="a">1141</subfield>
      <subfield code="b">ger</subfield>
      <subfield code="c">DE-101</subfield>
      <subfield code="d">0005</subfield>
    </datafield>
    <datafield ind1=" " ind2=" " tag="042">
      <subfield code="a">zdb</subfield>
    </datafield>
    <datafield ind1="7" ind2="4" tag="082">
      <subfield code="a">790</subfield>
      <subfield code="a">793</subfield>
      <subfield code="a">796</subfield>
      <subfield code="q">DE-600</subfield>
      <subfield code="2">22sdnb</subfield>
    </datafield>
    <datafield ind1="0" ind2="0" tag="245">
      <subfield code="a">&#152;Der&#156; Natur auf der Spur</subfield>
      <subfield code="b">Wandern in NRW</subfield>
      <subfield code="c">WDR 5</subfield>
    </datafield>
    <datafield ind1="0" ind2="0" tag="247">
      <subfield code="a">Wandern in Nordrhein-Westfalen</subfield>
      <subfield code="f">Zusatz bis 2007</subfield>
    </datafield>
    <datafield ind1="3" ind2="1" tag="264">
      <subfield code="a">Köln</subfield>
      <subfield code="b">WDR 5</subfield>
      <subfield code="c">2002-</subfield>
    </datafield>
    <datafield ind1=" " ind2=" " tag="336">
      <subfield code="a">Text</subfield>
      <subfield code="b">txt</subfield>
      <subfield code="2">rdacontent</subfield>
    </datafield>
    <datafield ind1=" " ind2=" " tag="337">
      <subfield code="a">ohne Hilfsmittel zu benutzen</subfield>
      <subfield code="b">n</subfield>
      <subfield code="2">rdamedia</subfield>
    </datafield>
    <datafield ind1=" " ind2=" " tag="338">
      <subfield code="a">Band</subfield>
      <subfield code="b">nc</subfield>
      <subfield code="2">rdacarrier</subfield>
    </datafield>
    <datafield ind1="0" ind2=" " tag="362">
      <subfield code="a">Nachgewiesen [2002] -</subfield>
    </datafield>
    <datafield ind1="0" ind2="1" tag="363">
      <subfield code="8">1.1\x</subfield>
      <subfield code="i">2002</subfield>
    </datafield>
    <datafield ind1="1" ind2=" " tag="583">
      <subfield code="a">Archivierung/Langzeitarchivierung gewährleistet</subfield>
      <subfield code="c">2020</subfield>
      <subfield code="f">PENW</subfield>
      <subfield code="5">DE-5</subfield>
      <subfield code="2">pdager</subfield>
    </datafield>
    <datafield ind1=" " ind2="7" tag="650">
      <subfield code="0">(DE-588)4064532-0</subfield>
      <subfield code="0">https://d-nb.info/gnd/4064532-0</subfield>
      <subfield code="0">(DE-101)040645320</subfield>
      <subfield code="a">Wandern</subfield>
      <subfield code="9">rswk-swf</subfield>
      <subfield code="2">gnd</subfield>
    </datafield>
    <datafield ind1=" " ind2="7" tag="651">
      <subfield code="0">(DE-588)4042570-8</subfield>
      <subfield code="0">https://d-nb.info/gnd/4042570-8</subfield>
      <subfield code="0">(DE-101)040425703</subfield>
      <subfield code="a">Nordrhein-Westfalen</subfield>
      <subfield code="9">rswk-swf</subfield>
      <subfield code="2">gnd</subfield>
    </datafield>
    <datafield ind1=" " ind2="7" tag="655">
      <subfield code="0">(DE-588)4067488-5</subfield>
      <subfield code="0">https://d-nb.info/gnd/4067488-5</subfield>
      <subfield code="0">(DE-101)040674886</subfield>
      <subfield code="a">Zeitschrift</subfield>
      <subfield code="2">gnd-content</subfield>
    </datafield>
    <datafield ind1=" " ind2="7" tag="655">
      <subfield code="0">(DE-588)4155569-7</subfield>
      <subfield code="0">https://d-nb.info/gnd/4155569-7</subfield>
      <subfield code="0">(DE-101)041555694</subfield>
      <subfield code="a">Führer</subfield>
      <subfield code="2">gnd-content</subfield>
    </datafield>
    <datafield ind1="0" ind2="0" tag="689">
      <subfield code="0">(DE-588)4042570-8</subfield>
      <subfield code="0">https://d-nb.info/gnd/4042570-8</subfield>
      <subfield code="0">(DE-101)040425703</subfield>
      <subfield code="D">g</subfield>
      <subfield code="a">Nordrhein-Westfalen</subfield>
    </datafield>
    <datafield ind1="0" ind2="1" tag="689">
      <subfield code="0">(DE-588)4064532-0</subfield>
      <subfield code="0">https://d-nb.info/gnd/4064532-0</subfield>
      <subfield code="0">(DE-101)040645320</subfield>
      <subfield code="D">s</subfield>
      <subfield code="a">Wandern</subfield>
    </datafield>
    <datafield ind1="0" ind2=" " tag="689">
      <subfield code="5">DE-5</subfield>
      <subfield code="5">DE-605</subfield>
    </datafield>
    <datafield ind1="0" ind2="8" tag="776">
      <subfield code="i">Erscheint auch als</subfield>
      <subfield code="n">Online-Ausgabe</subfield>
      <subfield code="t">&#152;Der&#156; Natur auf der Spur</subfield>
      <subfield code="d">Köln : WDR 5, 2014-2017</subfield>
      <subfield code="h">Online-Ressource</subfield>
      <subfield code="w">(DE-600)2773282-4</subfield>
      <subfield code="w">(DE-101)1051888964</subfield>
    </datafield>
    <datafield ind1=" " ind2=" " tag="850">
      <subfield code="a">DE-101a</subfield>
      <subfield code="a">DE-101b</subfield>
    </datafield>
  </record>

  <record type="Holdings">
    <leader>00000ny  a22000009n 4500</leader>
    <controlfield tag="001">141147938</controlfield>
    <controlfield tag="003">DE-101</controlfield>
    <controlfield tag="005">20081011181858.0</controlfield>
    <controlfield tag="008">080625||||||||||||||||ger|||||||</controlfield>
    <datafield ind1=" " ind2=" " tag="092">
      <subfield code="a">950200-2</subfield>
      <subfield code="d">101a</subfield>
      <subfield code="k">SAX</subfield>
      <subfield code="l">a</subfield>
      <subfield code="o">b</subfield>
    </datafield>
    <datafield ind1=" " ind2=" " tag="541">
      <subfield code="e">L-2008-141147938</subfield>
    </datafield>
    <datafield ind1=" " ind2=" " tag="852">
      <subfield code="a">DE-101a</subfield>
    </datafield>
    <datafield ind1=" " ind2="0" tag="866">
      <subfield code="z">Gehoert nicht zum Sammelgebiet der Deutschen Nationalbibliothek</subfield>
    </datafield>
    <datafield ind1=" " ind2="0" tag="866">
      <subfield code="x">NSG, da Programm zu den Wanderungen, kein weiterer Text, Entsch. Sod, 14.05.08</subfield>
    </datafield>
    <datafield ind1=" " ind2=" " tag="933">
      <subfield code="a">CC0</subfield>
    </datafield>
  </record>
  <record type="Holdings">
    <leader>00000ny  a22000009n 4500</leader>
    <controlfield tag="001">141147970</controlfield>
    <controlfield tag="003">DE-101</controlfield>
    <controlfield tag="005">20081011181858.0</controlfield>
    <controlfield tag="008">080625||||||||||||||||ger|||||||</controlfield>
    <datafield ind1=" " ind2=" " tag="092">
      <subfield code="a">600100-2</subfield>
      <subfield code="d">101b</subfield>
      <subfield code="k">HES</subfield>
      <subfield code="l">a</subfield>
      <subfield code="o">b</subfield>
    </datafield>
    <datafield ind1=" " ind2=" " tag="541">
      <subfield code="e">F-2008-141147970</subfield>
    </datafield>
    <datafield ind1=" " ind2=" " tag="852">
      <subfield code="a">DE-101b</subfield>
    </datafield>
    <datafield ind1=" " ind2="0" tag="866">
      <subfield code="z">Gehoert nicht zum Sammelgebiet der Deutschen Nationalbibliothek</subfield>
    </datafield>
    <datafield ind1=" " ind2=" " tag="933">
      <subfield code="a">CC0</subfield>
    </datafield>
  </record>
  <record type="Holdings">
    <leader>00000ny  a22000003n 4500</leader>
    <controlfield tag="001">153536632</controlfield>
    <controlfield tag="003">DE-101</controlfield>
    <controlfield tag="005">20240426160651.0</controlfield>
    <controlfield tag="008">090421||||||||||||||||ger|||||||</controlfield>
    <datafield ind1=" " ind2=" " tag="035">
      <subfield code="a">(DE-605)22292920950006467</subfield>
    </datafield>
    <datafield ind1=" " ind2=" " tag="092">
      <subfield code="a">531000-3</subfield>
      <subfield code="d">5</subfield>
      <subfield code="k">NRW</subfield>
      <subfield code="l">a</subfield>
      <subfield code="o">b</subfield>
      <subfield code="y">90</subfield>
    </datafield>
    <datafield ind1=" " ind2=" " tag="852">
      <subfield code="8">1</subfield>
    </datafield>
    <datafield ind1=" " ind2="1" tag="852">
      <subfield code="c">Z 2005/75</subfield>
      <subfield code="9">00</subfield>
    </datafield>
    <datafield ind1=" " ind2=" " tag="852">
      <subfield code="a">DE-5</subfield>
    </datafield>
    <datafield ind1="0" ind2="0" tag="859">
      <subfield code="8">1.1\x</subfield>
      <subfield code="i">2002</subfield>
    </datafield>
    <datafield ind1="0" ind2="0" tag="859">
      <subfield code="8">2.1\x</subfield>
      <subfield code="i">2004</subfield>
    </datafield>
    <datafield ind1="0" ind2="0" tag="859">
      <subfield code="8">3.1\x</subfield>
      <subfield code="i">2006</subfield>
    </datafield>
    <datafield ind1="1" ind2="0" tag="859">
      <subfield code="8">3.2\x</subfield>
      <subfield code="i">2009</subfield>
    </datafield>
    <datafield ind1="0" ind2="0" tag="859">
      <subfield code="8">4.1\x</subfield>
      <subfield code="i">2013</subfield>
    </datafield>
    <datafield ind1="3" ind2="0" tag="866">
      <subfield code="a">[2002]; 2004; 2006 - 2009; 2013</subfield>
    </datafield>
    <datafield ind1=" " ind2=" " tag="933">
      <subfield code="a">CC0</subfield>
    </datafield>
  </record>
  <record type="Holdings">
    <leader>00000ny  a22000003n 4500</leader>
    <controlfield tag="001">62544115X</controlfield>
    <controlfield tag="003">DE-101</controlfield>
    <controlfield tag="005">20190606131529.0</controlfield>
    <controlfield tag="008">190606||||||||||||||||ger|||||||</controlfield>
    <datafield ind1=" " ind2=" " tag="092">
      <subfield code="a">568101-7</subfield>
      <subfield code="d">Sol 1</subfield>
      <subfield code="k">NRW</subfield>
      <subfield code="l">b</subfield>
      <subfield code="o">d</subfield>
    </datafield>
    <datafield ind1=" " ind2="1" tag="852">
      <subfield code="c">KA 9115</subfield>
      <subfield code="9">00</subfield>
    </datafield>
    <datafield ind1=" " ind2=" " tag="852">
      <subfield code="a">DE-Sol1</subfield>
    </datafield>
    <datafield ind1="0" ind2="0" tag="859">
      <subfield code="8">1.1\x</subfield>
      <subfield code="i">2008</subfield>
    </datafield>
    <datafield ind1="1" ind2="0" tag="859">
      <subfield code="8">1.2\x</subfield>
      <subfield code="i">2009</subfield>
    </datafield>
    <datafield ind1="0" ind2="0" tag="859">
      <subfield code="8">2.1\x</subfield>
      <subfield code="i">2011</subfield>
    </datafield>
    <datafield ind1="1" ind2="0" tag="859">
      <subfield code="8">2.2\x</subfield>
      <subfield code="i">2013</subfield>
    </datafield>
    <datafield ind1="3" ind2="0" tag="866">
      <subfield code="a">2008 - 2009; 2011-2013</subfield>
    </datafield>
    <datafield ind1=" " ind2=" " tag="933">
      <subfield code="a">CC0</subfield>
    </datafield>
  </record>
</collection></recordData><recordPosition>16</recordPosition></record>